day;timestamp;product;bid_price_1;bid_volume_1;bid_price_2;bid_volume_2;bid_price_3;bid_volume_3;ask_price_1;ask_volume_1;ask_price_2;ask_volume_2;ask_price_3;ask_volume_3;mid_price;profit_and_loss
0;0;ASH_COATED_OSMIUM;9995.0;13.0;9994.0;12.0;9992.0;21.0;10011.0;13.0;10012.0;26.0;10013.0;21.0;10003.0;0.0
0;0;INTARIAN_PEPPER_ROOT;11991.0;25.0;;;;;12006.0;9.0;12008.0;18.0;12009.0;25.0;11998.5;0.0
0;100;ASH_COATED_OSMIUM;9995.0;15.0;9994.0;15.0;9992.0;26.0;10011.0;15.0;10012.0;21.0;10013.0;26.0;10003.0;0.0
0;100;INTARIAN_PEPPER_ROOT;11991.0;22.0;;;;;12007.0;8.0;12008.0;10.0;12009.0;8.0;11999.0;0.0
0;200;ASH_COATED_OSMIUM;9994.0;15.0;;;;;;;;;;;9994.0;0.0
0;200;INTARIAN_PEPPER_ROOT;11994.0;9.0;11992.0;10.0;11991.0;22.0;12010.0;22.0;;;;;12002.0;0.0
0;300;ASH_COATED_OSMIUM;9994.0;12.0;9993.0;30.0;9992.0;27.0;10013.0;27.0;;;;;10003.5;0.0
0;300;INTARIAN_PEPPER_ROOT;11994.0;8.0;;;;;12007.0;8.0;12009.0;23.0;12010.0;23.0;12000.5;0.0
0;400;ASH_COATED_OSMIUM;10003.0;8.0;9994.0;12.0;9992.0;23.0;10010.0;12.0;10012.0;25.0;;;10006.5;0.0
0;400;INTARIAN_PEPPER_ROOT;11994.0;10.0;11993.0;12.0;11991.0;15.0;12007.0;10.0;12009.0;18.0;12010.0;15.0;12000.5;0.0
0;500;ASH_COATED_OSMIUM;9994.0;11.0;9992.0;13.0;9991.0;22.0;10010.0;11.0;;;;;10002.0;0.0
0;500;INTARIAN_PEPPER_ROOT;;;;;;;12007.0;9.0;12010.0;19.0;;;12007.0;0.0
0;600;ASH_COATED_OSMIUM;9994.0;13.0;9992.0;15.0;9991.0;25.0;10010.0;13.0;;;;;10002.0;0.0
0;600;INTARIAN_PEPPER_ROOT;11994.0;11.0;11992.0;21.0;11991.0;23.0;12010.0;23.0;;;;;12002.0;0.0
0;700;ASH_COATED_OSMIUM;9994.0;11.0;9993.0;24.0;9991.0;23.0;10012.0;23.0;;;;;10003.0;0.0
0;700;INTARIAN_PEPPER_ROOT;11994.0;9.0;11993.0;9.0;11991.0;24.0;12007.0;9.0;12009.0;8.0;12010.0;24.0;12000.5;0.0
0;800;ASH_COATED_OSMIUM;;;;;;;;;;;;;0.0;0.0
0;800;INTARIAN_PEPPER_ROOT;11994.0;8.0;11993.0;10.0;11991.0;20.0;12007.0;8.0;;;;;12000.5;0.0
0;900;ASH_COATED_OSMIUM;9992.0;12.0;9991.0;12.0;9990.0;21.0;10008.0;12.0;10010.0;13.0;10011.0;21.0;10000.0;0.0
0;900;INTARIAN_PEPPER_ROOT;11991.0;25.0;;;;;12007.0;8.0;12009.0;23.0;12010.0;25.0;11999.0;0.0
0;1000;ASH_COATED_OSMIUM;9990.0;28.0;;;;;10009.0;14.0;10010.0;6.0;10010.0;10.0;9999.5;0.0
0;1000;INTARIAN_PEPPER_ROOT;11994.0;10.0;;;;;12007.0;10.0;12008.0;20.0;12010.0;21.0;12000.5;0.0
0;1100;ASH_COATED_OSMIUM;9990.0;28.0;;;;;10009.0;13.0;;;;;9999.5;0.0
0;1100;INTARIAN_PEPPER_ROOT;11995.0;11.0;;;;;12008.0;11.0;12010.0;11.0;12010.0;12.0;12001.5;0.0
0;1200;ASH_COATED_OSMIUM;9993.0;12.0;9992.0;24.0;9991.0;28.0;10009.0;12.0;10012.0;28.0;;;10001.0;0.0
0;1200;INTARIAN_PEPPER_ROOT;11995.0;9.0;11994.0;20.0;11992.0;22.0;12008.0;9.0;;;;;12001.5;0.0
0;1300;ASH_COATED_OSMIUM;9993.0;13.0;;;;;10009.0;13.0;10011.0;10.0;10011.0;14.0;10001.0;0.0
0;1300;INTARIAN_PEPPER_ROOT;11995.0;12.0;11994.0;11.0;11992.0;16.0;12008.0;12.0;12009.0;17.0;12011.0;16.0;12001.5;0.0
0;1400;ASH_COATED_OSMIUM;9993.0;10.0;9991.0;15.0;9990.0;24.0;10009.0;10.0;10010.0;13.0;10011.0;24.0;10001.0;0.0
0;1400;INTARIAN_PEPPER_ROOT;11995.0;10.0;11993.0;22.0;11992.0;17.0;12008.0;10.0;12011.0;17.0;;;12001.5;0.0
0;1500;ASH_COATED_OSMIUM;9992.0;12.0;9991.0;25.0;9990.0;29.0;10008.0;12.0;10011.0;29.0;;;10000.0;0.0
0;1500;INTARIAN_PEPPER_ROOT;11995.0;11.0;11994.0;24.0;11992.0;16.0;12008.0;11.0;12011.0;16.0;;;12001.5;0.0
0;1600;ASH_COATED_OSMIUM;9992.0;14.0;9991.0;14.0;9990.0;23.0;10008.0;14.0;10010.0;12.0;10011.0;23.0;10000.0;0.0
0;1600;INTARIAN_PEPPER_ROOT;11995.0;8.0;11993.0;11.0;11992.0;23.0;12008.0;8.0;12010.0;10.0;12011.0;23.0;12001.5;0.0
0;1700;ASH_COATED_OSMIUM;9992.0;13.0;9991.0;10.0;9990.0;24.0;10008.0;13.0;;;;;10000.0;0.0
0;1700;INTARIAN_PEPPER_ROOT;11995.0;9.0;11993.0;8.0;11992.0;15.0;12011.0;15.0;;;;;12003.0;0.0
0;1800;ASH_COATED_OSMIUM;9992.0;13.0;;;;;10001.0;4.0;10003.0;20.0;10010.0;28.0;9996.5;0.0
0;1800;INTARIAN_PEPPER_ROOT;11995.0;9.0;11993.0;18.0;11992.0;16.0;12011.0;16.0;;;;;12003.0;0.0
0;1900;ASH_COATED_OSMIUM;9992.0;15.0;9991.0;25.0;9990.0;24.0;10008.0;15.0;10011.0;24.0;;;10000.0;0.0
0;1900;INTARIAN_PEPPER_ROOT;11995.0;10.0;;;;;12008.0;10.0;12010.0;11.0;12010.0;24.0;12001.5;0.0
0;2000;ASH_COATED_OSMIUM;9991.0;22.0;;;;;10009.0;13.0;10011.0;29.0;10012.0;22.0;10000.0;0.0
0;2000;INTARIAN_PEPPER_ROOT;11995.0;12.0;11993.0;18.0;11992.0;22.0;12009.0;12.0;12012.0;22.0;;;12002.0;0.0
0;2100;ASH_COATED_OSMIUM;9993.0;12.0;9992.0;10.0;9991.0;25.0;10009.0;12.0;10010.0;20.0;10012.0;25.0;10001.0;0.0
0;2100;INTARIAN_PEPPER_ROOT;11996.0;8.0;;;;;12009.0;8.0;12011.0;19.0;12012.0;15.0;12002.5;0.0
0;2200;ASH_COATED_OSMIUM;9991.0;29.0;;;;;10009.0;10.0;10010.0;14.0;10012.0;29.0;10000.0;0.0
0;2200;INTARIAN_PEPPER_ROOT;11993.0;23.0;;;;;12012.0;23.0;;;;;12002.5;0.0
0;2300;ASH_COATED_OSMIUM;9993.0;14.0;9992.0;15.0;9991.0;20.0;10009.0;14.0;;;;;10001.0;0.0
0;2300;INTARIAN_PEPPER_ROOT;11996.0;9.0;11994.0;12.0;11993.0;25.0;12012.0;25.0;;;;;12004.0;0.0
0;2400;ASH_COATED_OSMIUM;9993.0;10.0;9992.0;24.0;9991.0;25.0;10009.0;10.0;10012.0;25.0;;;10001.0;0.0
0;2400;INTARIAN_PEPPER_ROOT;11996.0;8.0;;;;;12009.0;8.0;12011.0;10.0;12012.0;22.0;12002.5;0.0
0;2500;ASH_COATED_OSMIUM;9993.0;14.0;;;;;10009.0;14.0;;;;;10001.0;0.0
0;2500;INTARIAN_PEPPER_ROOT;11996.0;10.0;11994.0;10.0;11993.0;15.0;12009.0;10.0;12010.0;8.0;12012.0;15.0;12002.5;0.0
0;2600;ASH_COATED_OSMIUM;9993.0;13.0;9992.0;28.0;9991.0;20.0;10009.0;13.0;10012.0;20.0;;;10001.0;0.0
0;2600;INTARIAN_PEPPER_ROOT;11996.0;8.0;11994.0;11.0;11993.0;25.0;12009.0;8.0;12011.0;22.0;12012.0;25.0;12002.5;0.0
0;2700;ASH_COATED_OSMIUM;9993.0;14.0;9992.0;12.0;9991.0;29.0;10012.0;29.0;;;;;10002.5;0.0
0;2700;INTARIAN_PEPPER_ROOT;11996.0;11.0;11995.0;10.0;11993.0;19.0;11999.0;8.0;12003.0;8.0;12009.0;11.0;11997.5;0.0
0;2800;ASH_COATED_OSMIUM;9991.0;22.0;;;;;10009.0;11.0;10010.0;4.0;10010.0;10.0;10000.0;0.0
0;2800;INTARIAN_PEPPER_ROOT;11996.0;12.0;11995.0;10.0;11993.0;25.0;12009.0;12.0;12010.0;8.0;12010.0;15.0;12002.5;0.0
0;2900;ASH_COATED_OSMIUM;;;;;;;10009.0;15.0;10010.0;30.0;10012.0;21.0;10009.0;0.0
0;2900;INTARIAN_PEPPER_ROOT;12006.0;8.0;11996.0;12.0;;;12009.0;12.0;;;;;12007.5;0.0
0;3000;ASH_COATED_OSMIUM;9993.0;13.0;;;;;10009.0;13.0;;;;;10001.0;0.0
0;3000;INTARIAN_PEPPER_ROOT;11996.0;9.0;11994.0;9.0;11993.0;21.0;12010.0;9.0;12011.0;9.0;12013.0;21.0;12003.0;0.0
0;3100;ASH_COATED_OSMIUM;9994.0;10.0;9992.0;30.0;9991.0;25.0;10010.0;10.0;10012.0;25.0;;;10002.0;0.0
0;3100;INTARIAN_PEPPER_ROOT;11997.0;11.0;11996.0;15.0;11994.0;21.0;12010.0;11.0;;;;;12003.5;0.0
0;3200;ASH_COATED_OSMIUM;9993.0;12.0;;;;;10009.0;12.0;10010.0;11.0;10011.0;14.0;10001.0;0.0
0;3200;INTARIAN_PEPPER_ROOT;11997.0;9.0;11996.0;10.0;11994.0;25.0;12010.0;9.0;;;;;12003.5;0.0
0;3300;ASH_COATED_OSMIUM;9993.0;12.0;9992.0;14.0;9991.0;26.0;10012.0;26.0;;;;;10002.5;0.0
0;3300;INTARIAN_PEPPER_ROOT;11997.0;10.0;11994.0;17.0;;;12013.0;17.0;;;;;12005.0;0.0
0;3400;ASH_COATED_OSMIUM;9993.0;11.0;;;;;10009.0;11.0;10010.0;15.0;10012.0;25.0;10001.0;0.0
0;3400;INTARIAN_PEPPER_ROOT;11997.0;12.0;11996.0;10.0;11994.0;24.0;12010.0;12.0;12011.0;17.0;12013.0;24.0;12003.5;0.0
0;3500;ASH_COATED_OSMIUM;9993.0;10.0;9992.0;13.0;9991.0;21.0;10009.0;10.0;10011.0;29.0;10012.0;21.0;10001.0;0.0
0;3500;INTARIAN_PEPPER_ROOT;11997.0;11.0;11996.0;17.0;11994.0;25.0;12010.0;11.0;12012.0;12.0;12013.0;25.0;12003.5;0.0
0;3600;ASH_COATED_OSMIUM;9993.0;10.0;9992.0;14.0;9991.0;30.0;10009.0;10.0;10011.0;10.0;10012.0;30.0;10001.0;0.0
0;3600;INTARIAN_PEPPER_ROOT;11997.0;10.0;;;;;12010.0;10.0;12013.0;22.0;;;12003.5;0.0
0;3700;ASH_COATED_OSMIUM;9993.0;15.0;9992.0;22.0;9991.0;24.0;10009.0;15.0;10012.0;24.0;;;10001.0;0.0
0;3700;INTARIAN_PEPPER_ROOT;11997.0;8.0;;;;;12013.0;25.0;;;;;12005.0;0.0
0;3800;ASH_COATED_OSMIUM;9999.0;5.0;9998.0;14.0;9995.0;10.0;10009.0;13.0;10012.0;29.0;;;10004.0;0.0
0;3800;INTARIAN_PEPPER_ROOT;11997.0;10.0;11996.0;23.0;11994.0;19.0;12010.0;10.0;;;;;12003.5;0.0
0;3900;ASH_COATED_OSMIUM;9993.0;13.0;9992.0;11.0;9991.0;26.0;10009.0;13.0;;;;;10001.0;0.0
0;3900;INTARIAN_PEPPER_ROOT;;;;;;;12010.0;9.0;12013.0;25.0;;;12010.0;0.0
0;4000;ASH_COATED_OSMIUM;9991.0;30.0;;;;;10012.0;30.0;;;;;10001.5;0.0
0;4000;INTARIAN_PEPPER_ROOT;11997.0;12.0;11995.0;12.0;11994.0;23.0;12011.0;12.0;12013.0;24.0;12014.0;23.0;12004.0;0.0
0;4100;ASH_COATED_OSMIUM;9998.0;3.0;9992.0;14.0;9991.0;12.0;10008.0;14.0;;;;;10003.0;0.0
0;4100;INTARIAN_PEPPER_ROOT;11995.0;25.0;;;;;12011.0;8.0;12013.0;21.0;12014.0;25.0;12003.0;0.0
0;4200;ASH_COATED_OSMIUM;9993.0;10.0;;;;;10011.0;26.0;;;;;10002.0;0.0
0;4200;INTARIAN_PEPPER_ROOT;11998.0;10.0;11997.0;10.0;11995.0;19.0;12011.0;10.0;12012.0;25.0;12014.0;19.0;12004.5;0.0
0;4300;ASH_COATED_OSMIUM;9990.0;24.0;;;;;10009.0;12.0;10010.0;14.0;10010.0;22.0;9999.5;0.0
0;4300;INTARIAN_PEPPER_ROOT;11998.0;11.0;11996.0;12.0;11995.0;25.0;12014.0;25.0;;;;;12006.0;0.0
0;4400;ASH_COATED_OSMIUM;9993.0;10.0;9992.0;12.0;9990.0;22.0;10009.0;10.0;10010.0;15.0;10011.0;22.0;10001.0;0.0
0;4400;INTARIAN_PEPPER_ROOT;11995.0;22.0;;;;;12011.0;10.0;12012.0;20.0;12014.0;22.0;12003.0;0.0
0;4500;ASH_COATED_OSMIUM;9990.0;26.0;;;;;10009.0;14.0;10010.0;22.0;10011.0;26.0;9999.5;0.0
0;4500;INTARIAN_PEPPER_ROOT;11998.0;11.0;11995.0;15.0;;;12011.0;11.0;;;;;12004.5;0.0
0;4600;ASH_COATED_OSMIUM;9993.0;15.0;;;;;10011.0;21.0;;;;;10002.0;0.0
0;4600;INTARIAN_PEPPER_ROOT;11998.0;9.0;11997.0;20.0;11995.0;22.0;12011.0;9.0;12014.0;22.0;;;12004.5;0.0
0;4700;ASH_COATED_OSMIUM;9993.0;14.0;;;;;10009.0;14.0;10010.0;14.0;10011.0;27.0;10001.0;0.0
0;4700;INTARIAN_PEPPER_ROOT;11995.0;15.0;;;;;12011.0;12.0;;;;;12003.0;0.0
0;4800;ASH_COATED_OSMIUM;9993.0;10.0;;;;;10011.0;28.0;;;;;10002.0;0.0
0;4800;INTARIAN_PEPPER_ROOT;11998.0;11.0;11996.0;9.0;11995.0;21.0;12007.0;4.0;12011.0;11.0;12013.0;25.0;12002.5;0.0
0;4900;ASH_COATED_OSMIUM;9993.0;15.0;9992.0;21.0;9990.0;27.0;10009.0;15.0;;;;;10001.0;0.0
0;4900;INTARIAN_PEPPER_ROOT;11998.0;12.0;11996.0;23.0;11995.0;16.0;12011.0;12.0;12014.0;16.0;;;12004.5;0.0
0;5000;ASH_COATED_OSMIUM;9992.0;12.0;9991.0;26.0;9990.0;29.0;10008.0;12.0;10011.0;29.0;;;10000.0;0.0
0;5000;INTARIAN_PEPPER_ROOT;11998.0;10.0;11996.0;12.0;11995.0;23.0;12015.0;23.0;;;;;12006.5;0.0
0;5100;ASH_COATED_OSMIUM;9993.0;11.0;9990.0;24.0;;;10009.0;11.0;;;;;10001.0;0.0
0;5100;INTARIAN_PEPPER_ROOT;11996.0;25.0;;;;;;;;;;;11996.0;0.0
0;5200;ASH_COATED_OSMIUM;9993.0;15.0;;;;;10009.0;15.0;10010.0;24.0;10011.0;29.0;10001.0;0.0
0;5200;INTARIAN_PEPPER_ROOT;11999.0;12.0;11997.0;21.0;11996.0;19.0;12012.0;12.0;;;;;12005.5;0.0
0;5300;ASH_COATED_OSMIUM;9993.0;15.0;9991.0;27.0;9990.0;21.0;;;;;;;9993.0;0.0
0;5300;INTARIAN_PEPPER_ROOT;11999.0;8.0;11998.0;9.0;11996.0;21.0;12012.0;8.0;12014.0;17.0;12015.0;21.0;12005.5;0.0
0;5400;ASH_COATED_OSMIUM;9993.0;14.0;9991.0;29.0;9990.0;20.0;10009.0;14.0;10011.0;20.0;;;10001.0;0.0
0;5400;INTARIAN_PEPPER_ROOT;11999.0;8.0;11997.0;9.0;11996.0;16.0;12015.0;16.0;;;;;12007.0;0.0
0;5500;ASH_COATED_OSMIUM;9994.0;13.0;9993.0;20.0;9991.0;28.0;10010.0;13.0;10011.0;12.0;10012.0;28.0;10002.0;0.0
0;5500;INTARIAN_PEPPER_ROOT;11999.0;10.0;11997.0;17.0;11996.0;24.0;12012.0;10.0;;;;;12005.5;0.0
0;5600;ASH_COATED_OSMIUM;9991.0;21.0;;;;;10009.0;14.0;10011.0;10.0;10011.0;10.0;10000.0;0.0
0;5600;INTARIAN_PEPPER_ROOT;11999.0;11.0;;;;;12012.0;11.0;;;;;12005.5;0.0
0;5700;ASH_COATED_OSMIUM;9993.0;12.0;9992.0;25.0;9991.0;29.0;10009.0;12.0;10012.0;29.0;;;10001.0;0.0
0;5700;INTARIAN_PEPPER_ROOT;11999.0;8.0;11997.0;17.0;11996.0;19.0;12002.0;5.0;12015.0;19.0;;;12000.5;0.0
0;5800;ASH_COATED_OSMIUM;9994.0;10.0;;;;;10010.0;10.0;10011.0;10.0;10012.0;28.0;10002.0;0.0
0;5800;INTARIAN_PEPPER_ROOT;11999.0;11.0;11996.0;22.0;;;;;;;;;11999.0;0.0
0;5900;ASH_COATED_OSMIUM;9993.0;15.0;9992.0;27.0;9991.0;29.0;10009.0;15.0;10012.0;29.0;;;10001.0;0.0
0;5900;INTARIAN_PEPPER_ROOT;11999.0;10.0;11998.0;24.0;11997.0;8.0;12012.0;10.0;12015.0;23.0;;;12005.5;0.0
0;6000;ASH_COATED_OSMIUM;9993.0;15.0;9991.0;15.0;9990.0;30.0;10009.0;15.0;10010.0;11.0;10011.0;30.0;10001.0;0.0
0;6000;INTARIAN_PEPPER_ROOT;11996.0;19.0;;;;;12013.0;11.0;;;;;12004.5;0.0
0;6100;ASH_COATED_OSMIUM;9990.0;28.0;;;;;10009.0;11.0;10010.0;11.0;10010.0;25.0;9999.5;0.0
0;6100;INTARIAN_PEPPER_ROOT;12000.0;9.0;11999.0;10.0;11997.0;22.0;12013.0;9.0;12015.0;25.0;12016.0;22.0;12006.5;0.0
0;6200;ASH_COATED_OSMIUM;9993.0;11.0;9991.0;12.0;9990.0;20.0;10009.0;11.0;10010.0;15.0;10011.0;20.0;10001.0;0.0
0;6200;INTARIAN_PEPPER_ROOT;11997.0;15.0;;;;;12016.0;15.0;;;;;12006.5;0.0
0;6300;ASH_COATED_OSMIUM;9993.0;12.0;9992.0;13.0;9990.0;22.0;10009.0;12.0;10010.0;15.0;10011.0;22.0;10001.0;0.0
0;6300;INTARIAN_PEPPER_ROOT;12000.0;11.0;11998.0;19.0;11997.0;24.0;12013.0;11.0;;;;;12006.5;0.0
0;6400;ASH_COATED_OSMIUM;9992.0;14.0;9991.0;14.0;9989.0;23.0;10008.0;14.0;10009.0;29.0;10010.0;23.0;10000.0;0.0
0;6400;INTARIAN_PEPPER_ROOT;12000.0;9.0;11999.0;21.0;11997.0;22.0;12013.0;9.0;12016.0;22.0;;;12006.5;0.0
0;6500;ASH_COATED_OSMIUM;9992.0;13.0;9991.0;10.0;9990.0;24.0;10008.0;13.0;10009.0;21.0;10011.0;24.0;10000.0;0.0
0;6500;INTARIAN_PEPPER_ROOT;11997.0;22.0;;;;;12013.0;10.0;12015.0;12.0;12015.0;22.0;12005.0;0.0
0;6600;ASH_COATED_OSMIUM;9992.0;15.0;9990.0;20.0;9989.0;25.0;;;;;;;9992.0;0.0
0;6600;INTARIAN_PEPPER_ROOT;12000.0;12.0;11999.0;23.0;11997.0;23.0;12013.0;12.0;12016.0;23.0;;;12006.5;0.0
0;6700;ASH_COATED_OSMIUM;9992.0;13.0;;;;;10008.0;13.0;10009.0;23.0;10011.0;29.0;10000.0;0.0
0;6700;INTARIAN_PEPPER_ROOT;12000.0;8.0;;;;;12013.0;8.0;;;;;12006.5;0.0
0;6800;ASH_COATED_OSMIUM;;;;;;;10008.0;10.0;10010.0;14.0;10011.0;30.0;10008.0;0.0
0;6800;INTARIAN_PEPPER_ROOT;12000.0;12.0;11998.0;23.0;11997.0;16.0;;;;;;;12000.0;0.0
0;6900;ASH_COATED_OSMIUM;9990.0;22.0;;;;;10008.0;12.0;;;;;9999.0;0.0
0;6900;INTARIAN_PEPPER_ROOT;12000.0;9.0;11999.0;11.0;11997.0;19.0;12013.0;9.0;12015.0;11.0;12016.0;19.0;12006.5;0.0
0;7000;ASH_COATED_OSMIUM;9990.0;22.0;;;;;10011.0;22.0;;;;;10000.5;0.0
0;7000;INTARIAN_PEPPER_ROOT;11997.0;24.0;;;;;12014.0;9.0;12015.0;11.0;12016.0;16.0;12005.5;0.0
0;7100;ASH_COATED_OSMIUM;9992.0;15.0;9991.0;28.0;9990.0;25.0;10008.0;15.0;10011.0;25.0;;;10000.0;0.0
0;7100;INTARIAN_PEPPER_ROOT;12001.0;12.0;12000.0;11.0;11998.0;15.0;12014.0;12.0;12015.0;12.0;12017.0;15.0;12007.5;0.0
0;7200;ASH_COATED_OSMIUM;9998.0;2.0;9994.0;27.0;9993.0;11.0;10011.0;20.0;;;;;10004.5;0.0
0;7200;INTARIAN_PEPPER_ROOT;12001.0;9.0;11999.0;16.0;11998.0;23.0;12014.0;9.0;12017.0;23.0;;;12007.5;0.0
0;7300;ASH_COATED_OSMIUM;9992.0;11.0;9991.0;10.0;9990.0;21.0;10011.0;21.0;;;;;10001.5;0.0
0;7300;INTARIAN_PEPPER_ROOT;;;;;;;12014.0;9.0;12017.0;17.0;;;12014.0;0.0
0;7400;ASH_COATED_OSMIUM;9993.0;15.0;9991.0;14.0;9990.0;26.0;10009.0;15.0;10010.0;11.0;10011.0;26.0;10001.0;0.0
0;7400;INTARIAN_PEPPER_ROOT;11998.0;23.0;;;;;;;;;;;11998.0;0.0
0;7500;ASH_COATED_OSMIUM;9993.0;14.0;9992.0;24.0;9990.0;21.0;10009.0;14.0;10011.0;21.0;;;10001.0;0.0
0;7500;INTARIAN_PEPPER_ROOT;12001.0;9.0;;;;;12017.0;20.0;;;;;12009.0;0.0
0;7600;ASH_COATED_OSMIUM;9993.0;14.0;9991.0;24.0;9990.0;30.0;9998.0;5.0;;;;;9995.5;0.0
0;7600;INTARIAN_PEPPER_ROOT;12001.0;9.0;11999.0;10.0;11998.0;19.0;12014.0;9.0;12016.0;11.0;12017.0;19.0;12007.5;0.0
0;7700;ASH_COATED_OSMIUM;9993.0;10.0;9992.0;28.0;9991.0;25.0;10009.0;10.0;10012.0;25.0;;;10001.0;0.0
0;7700;INTARIAN_PEPPER_ROOT;12001.0;8.0;;;;;12014.0;8.0;12015.0;8.0;12015.0;11.0;12007.5;0.0
0;7800;ASH_COATED_OSMIUM;9990.0;22.0;;;;;10009.0;11.0;10010.0;30.0;10011.0;22.0;9999.5;0.0
0;7800;INTARIAN_PEPPER_ROOT;12001.0;12.0;11999.0;17.0;11998.0;17.0;12014.0;12.0;12017.0;17.0;;;12007.5;0.0
0;7900;ASH_COATED_OSMIUM;9993.0;13.0;9992.0;12.0;9990.0;23.0;10009.0;13.0;10010.0;22.0;10011.0;23.0;10001.0;0.0
0;7900;INTARIAN_PEPPER_ROOT;11998.0;23.0;;;;;12014.0;12.0;12015.0;15.0;12016.0;9.0;12006.0;0.0
0;8000;ASH_COATED_OSMIUM;9990.0;22.0;;;;;10008.0;15.0;10009.0;12.0;10010.0;15.0;9999.0;0.0
0;8000;INTARIAN_PEPPER_ROOT;12001.0;8.0;12000.0;9.0;11998.0;24.0;;;;;;;12001.0;0.0
0;8100;ASH_COATED_OSMIUM;9992.0;10.0;9991.0;26.0;9989.0;30.0;10008.0;10.0;10010.0;30.0;;;10000.0;0.0
0;8100;INTARIAN_PEPPER_ROOT;12002.0;9.0;11999.0;18.0;;;;;;;;;12002.0;0.0
0;8200;ASH_COATED_OSMIUM;9992.0;12.0;9990.0;15.0;9989.0;24.0;10008.0;12.0;10009.0;24.0;10010.0;24.0;10000.0;0.0
0;8200;INTARIAN_PEPPER_ROOT;11999.0;19.0;;;;;12015.0;12.0;12016.0;9.0;12017.0;10.0;12007.0;0.0
0;8300;ASH_COATED_OSMIUM;9992.0;15.0;9991.0;15.0;9990.0;23.0;10011.0;23.0;;;;;10001.5;0.0
0;8300;INTARIAN_PEPPER_ROOT;12002.0;8.0;12001.0;18.0;11999.0;24.0;;;;;;;12002.0;0.0
0;8400;ASH_COATED_OSMIUM;9992.0;13.0;9991.0;30.0;9990.0;23.0;10008.0;13.0;10011.0;23.0;;;10000.0;0.0
0;8400;INTARIAN_PEPPER_ROOT;12002.0;9.0;12000.0;11.0;11999.0;24.0;12015.0;9.0;12016.0;9.0;12018.0;24.0;12008.5;0.0
0;8500;ASH_COATED_OSMIUM;9992.0;14.0;9991.0;10.0;9989.0;21.0;10008.0;14.0;10009.0;13.0;10010.0;21.0;10000.0;0.0
0;8500;INTARIAN_PEPPER_ROOT;12002.0;10.0;;;;;;;;;;;12002.0;0.0
0;8600;ASH_COATED_OSMIUM;9992.0;13.0;;;;;10010.0;24.0;;;;;10001.0;0.0
0;8600;INTARIAN_PEPPER_ROOT;12002.0;10.0;12000.0;20.0;11999.0;22.0;12015.0;10.0;12018.0;22.0;;;12008.5;0.0
0;8700;ASH_COATED_OSMIUM;9991.0;11.0;9990.0;12.0;9989.0;30.0;10010.0;30.0;;;;;10000.5;0.0
0;8700;INTARIAN_PEPPER_ROOT;12002.0;9.0;12000.0;22.0;11999.0;17.0;12015.0;9.0;12018.0;17.0;;;12008.5;0.0
0;8800;ASH_COATED_OSMIUM;9991.0;15.0;9990.0;11.0;9989.0;22.0;10010.0;22.0;;;;;10000.5;0.0
0;8800;INTARIAN_PEPPER_ROOT;12002.0;10.0;12000.0;10.0;11999.0;23.0;12015.0;10.0;;;;;12008.5;0.0
0;8900;ASH_COATED_OSMIUM;9992.0;11.0;9991.0;14.0;9989.0;27.0;10008.0;11.0;10009.0;11.0;10010.0;27.0;10000.0;0.0
0;8900;INTARIAN_PEPPER_ROOT;11999.0;24.0;;;;;12015.0;8.0;;;;;12007.0;0.0
0;9000;ASH_COATED_OSMIUM;9992.0;14.0;9991.0;14.0;9990.0;20.0;10008.0;14.0;;;;;10000.0;0.0
0;9000;INTARIAN_PEPPER_ROOT;12002.0;12.0;12000.0;19.0;11999.0;22.0;12016.0;12.0;12019.0;22.0;;;12009.0;0.0
0;9100;ASH_COATED_OSMIUM;9998.0;4.0;9993.0;25.0;9992.0;12.0;10008.0;12.0;10011.0;25.0;;;10003.0;0.0
0;9100;INTARIAN_PEPPER_ROOT;12003.0;12.0;12000.0;20.0;;;12019.0;20.0;;;;;12011.0;0.0
0;9200;ASH_COATED_OSMIUM;9992.0;12.0;9991.0;14.0;9990.0;21.0;10008.0;12.0;;;;;10000.0;0.0
0;9200;INTARIAN_PEPPER_ROOT;12003.0;12.0;;;;;12019.0;15.0;;;;;12011.0;0.0
0;9300;ASH_COATED_OSMIUM;9992.0;12.0;;;;;10010.0;23.0;;;;;10001.0;0.0
0;9300;INTARIAN_PEPPER_ROOT;12003.0;11.0;12001.0;12.0;12000.0;23.0;12016.0;11.0;12017.0;8.0;12019.0;23.0;12009.5;0.0
0;9400;ASH_COATED_OSMIUM;9992.0;10.0;9991.0;23.0;9990.0;30.0;9998.0;10.0;10008.0;10.0;10011.0;30.0;9995.0;0.0
0;9400;INTARIAN_PEPPER_ROOT;12003.0;11.0;;;;;12016.0;11.0;12017.0;11.0;12019.0;24.0;12009.5;0.0
0;9500;ASH_COATED_OSMIUM;9992.0;14.0;9991.0;20.0;9990.0;27.0;10008.0;14.0;10009.0;10.0;10011.0;27.0;10000.0;0.0
0;9500;INTARIAN_PEPPER_ROOT;12003.0;11.0;12001.0;18.0;12000.0;20.0;12016.0;11.0;12019.0;20.0;;;12009.5;0.0
0;9600;ASH_COATED_OSMIUM;9993.0;10.0;9992.0;15.0;9990.0;30.0;10009.0;10.0;10010.0;20.0;10011.0;30.0;10001.0;0.0
0;9600;INTARIAN_PEPPER_ROOT;12000.0;20.0;;;;;12016.0;12.0;12017.0;18.0;12019.0;20.0;12008.0;0.0
0;9700;ASH_COATED_OSMIUM;9991.0;26.0;;;;;10009.0;15.0;10011.0;23.0;10012.0;26.0;10000.0;0.0
0;9700;INTARIAN_PEPPER_ROOT;12003.0;10.0;12001.0;8.0;12000.0;23.0;12016.0;10.0;;;;;12009.5;0.0
0;9800;ASH_COATED_OSMIUM;9994.0;13.0;9992.0;14.0;9991.0;29.0;10010.0;13.0;10011.0;29.0;10012.0;29.0;10002.0;0.0
0;9800;INTARIAN_PEPPER_ROOT;12003.0;11.0;;;;;12016.0;11.0;;;;;12009.5;0.0
0;9900;ASH_COATED_OSMIUM;9994.0;11.0;9993.0;29.0;9992.0;29.0;10010.0;11.0;10013.0;29.0;;;10002.0;0.0
0;9900;INTARIAN_PEPPER_ROOT;12003.0;12.0;12001.0;8.0;12001.0;17.0;12006.0;8.0;12016.0;12.0;12019.0;17.0;12004.5;0.0
0;10000;ASH_COATED_OSMIUM;9994.0;13.0;;;;;10010.0;13.0;10012.0;11.0;10013.0;23.0;10002.0;0.0
0;10000;INTARIAN_PEPPER_ROOT;12003.0;12.0;12002.0;10.0;12000.0;18.0;12017.0;12.0;12018.0;19.0;12020.0;18.0;12010.0;0.0
0;10100;ASH_COATED_OSMIUM;9994.0;10.0;9993.0;22.0;9992.0;22.0;10010.0;10.0;10013.0;22.0;;;10002.0;0.0
0;10100;INTARIAN_PEPPER_ROOT;12004.0;12.0;12002.0;20.0;12001.0;15.0;12017.0;12.0;12020.0;15.0;;;12010.5;0.0
0;10200;ASH_COATED_OSMIUM;9994.0;11.0;9993.0;11.0;9992.0;23.0;10013.0;23.0;;;;;10003.5;0.0
0;10200;INTARIAN_PEPPER_ROOT;12004.0;10.0;12002.0;12.0;12001.0;20.0;12017.0;10.0;12018.0;8.0;12020.0;20.0;12010.5;0.0
0;10300;ASH_COATED_OSMIUM;9992.0;21.0;;;;;10013.0;21.0;;;;;10002.5;0.0
0;10300;INTARIAN_PEPPER_ROOT;;;;;;;12017.0;9.0;12020.0;15.0;;;12017.0;0.0
0;10400;ASH_COATED_OSMIUM;9992.0;21.0;;;;;10010.0;12.0;10011.0;28.0;10013.0;21.0;10001.0;0.0
0;10400;INTARIAN_PEPPER_ROOT;12004.0;8.0;12003.0;23.0;12001.0;23.0;12020.0;23.0;;;;;12012.0;0.0
0;10500;ASH_COATED_OSMIUM;9992.0;29.0;;;;;10013.0;29.0;;;;;10002.5;0.0
0;10500;INTARIAN_PEPPER_ROOT;12004.0;9.0;12003.0;19.0;12001.0;19.0;12017.0;9.0;12020.0;19.0;;;12010.5;0.0
0;10600;ASH_COATED_OSMIUM;9994.0;11.0;9993.0;20.0;9992.0;26.0;10010.0;11.0;10013.0;26.0;;;10002.0;0.0
0;10600;INTARIAN_PEPPER_ROOT;12004.0;12.0;;;;;12017.0;12.0;12018.0;9.0;12019.0;9.0;12010.5;0.0
0;10700;ASH_COATED_OSMIUM;9994.0;13.0;9993.0;12.0;9992.0;21.0;10013.0;21.0;;;;;10003.5;0.0
0;10700;INTARIAN_PEPPER_ROOT;;;;;;;12017.0;12.0;12018.0;12.0;12020.0;22.0;12017.0;0.0
0;10800;ASH_COATED_OSMIUM;9994.0;12.0;9993.0;27.0;9992.0;23.0;10010.0;12.0;;;;;10002.0;0.0
0;10800;INTARIAN_PEPPER_ROOT;12004.0;9.0;12003.0;18.0;12001.0;20.0;12017.0;9.0;;;;;12010.5;0.0
0;10900;ASH_COATED_OSMIUM;9995.0;13.0;9993.0;28.0;9992.0;30.0;10011.0;13.0;10013.0;30.0;;;10003.0;0.0
0;10900;INTARIAN_PEPPER_ROOT;12004.0;9.0;;;;;12017.0;9.0;12019.0;10.0;12020.0;18.0;12010.5;0.0
0;11000;ASH_COATED_OSMIUM;9995.0;11.0;9994.0;30.0;9992.0;24.0;10004.0;5.0;10011.0;11.0;10013.0;24.0;9999.5;0.0
0;11000;INTARIAN_PEPPER_ROOT;12004.0;9.0;;;;;12018.0;9.0;12021.0;16.0;;;12011.0;0.0
0;11100;ASH_COATED_OSMIUM;9995.0;14.0;9993.0;24.0;9992.0;25.0;10011.0;14.0;10013.0;25.0;;;10003.0;0.0
0;11100;INTARIAN_PEPPER_ROOT;;;;;;;12018.0;9.0;;;;;12018.0;0.0
0;11200;ASH_COATED_OSMIUM;9994.0;10.0;9993.0;21.0;9992.0;26.0;10010.0;10.0;10013.0;26.0;;;10002.0;0.0
0;11200;INTARIAN_PEPPER_ROOT;12005.0;8.0;12003.0;11.0;12002.0;24.0;12018.0;8.0;;;;;12011.5;0.0
0;11300;ASH_COATED_OSMIUM;9994.0;12.0;;;;;10010.0;12.0;10011.0;25.0;10013.0;29.0;10002.0;0.0
0;11300;INTARIAN_PEPPER_ROOT;12005.0;10.0;12003.0;20.0;12002.0;18.0;12018.0;10.0;;;;;12011.5;0.0
0;11400;ASH_COATED_OSMIUM;9994.0;15.0;;;;;10013.0;22.0;;;;;10003.5;0.0
0;11400;INTARIAN_PEPPER_ROOT;12005.0;11.0;12004.0;11.0;12002.0;18.0;12018.0;11.0;12019.0;8.0;12021.0;18.0;12011.5;0.0
0;11500;ASH_COATED_OSMIUM;9994.0;15.0;9993.0;13.0;9992.0;27.0;10010.0;15.0;;;;;10002.0;0.0
0;11500;INTARIAN_PEPPER_ROOT;12005.0;8.0;12004.0;9.0;12002.0;25.0;12018.0;8.0;12020.0;18.0;12021.0;25.0;12011.5;0.0
0;11600;ASH_COATED_OSMIUM;9994.0;11.0;;;;;10010.0;11.0;10011.0;26.0;10013.0;30.0;10002.0;0.0
0;11600;INTARIAN_PEPPER_ROOT;12005.0;12.0;12003.0;18.0;12002.0;23.0;12018.0;12.0;12021.0;23.0;;;12011.5;0.0
0;11700;ASH_COATED_OSMIUM;9994.0;15.0;;;;;10013.0;22.0;;;;;10003.5;0.0
0;11700;INTARIAN_PEPPER_ROOT;12005.0;10.0;;;;;12021.0;17.0;;;;;12013.0;0.0
0;11800;ASH_COATED_OSMIUM;9994.0;14.0;9993.0;10.0;9991.0;25.0;10010.0;14.0;10011.0;20.0;10012.0;25.0;10002.0;0.0
0;11800;INTARIAN_PEPPER_ROOT;12005.0;8.0;12003.0;10.0;12002.0;17.0;12018.0;8.0;12020.0;18.0;12021.0;17.0;12011.5;0.0
0;11900;ASH_COATED_OSMIUM;9994.0;11.0;9993.0;22.0;9992.0;20.0;10010.0;11.0;;;;;10002.0;0.0
0;11900;INTARIAN_PEPPER_ROOT;12005.0;10.0;12004.0;11.0;12002.0;20.0;12021.0;20.0;;;;;12013.0;0.0
0;12000;ASH_COATED_OSMIUM;9994.0;10.0;9993.0;15.0;9992.0;22.0;10010.0;10.0;10011.0;13.0;10013.0;22.0;10002.0;0.0
0;12000;INTARIAN_PEPPER_ROOT;12005.0;10.0;12003.0;9.0;12002.0;25.0;12019.0;10.0;;;;;12012.0;0.0
0;12100;ASH_COATED_OSMIUM;9994.0;14.0;9993.0;20.0;9992.0;24.0;10010.0;14.0;;;;;10002.0;0.0
0;12100;INTARIAN_PEPPER_ROOT;12006.0;12.0;12005.0;21.0;12003.0;24.0;12019.0;12.0;12022.0;24.0;;;12012.5;0.0
0;12200;ASH_COATED_OSMIUM;9994.0;13.0;9993.0;11.0;9992.0;24.0;10013.0;24.0;;;;;10003.5;0.0
0;12200;INTARIAN_PEPPER_ROOT;12006.0;10.0;12005.0;15.0;12003.0;22.0;12019.0;10.0;12020.0;12.0;12022.0;22.0;12012.5;0.0
0;12300;ASH_COATED_OSMIUM;9994.0;11.0;;;;;10010.0;11.0;10011.0;12.0;10013.0;20.0;10002.0;0.0
0;12300;INTARIAN_PEPPER_ROOT;;;;;;;12019.0;11.0;;;;;12019.0;0.0
0;12400;ASH_COATED_OSMIUM;9995.0;14.0;9994.0;30.0;9992.0;28.0;10013.0;28.0;;;;;10004.0;0.0
0;12400;INTARIAN_PEPPER_ROOT;12003.0;25.0;;;;;12022.0;25.0;;;;;12012.5;0.0
0;12500;ASH_COATED_OSMIUM;9995.0;15.0;9994.0;25.0;9992.0;22.0;10013.0;22.0;;;;;10004.0;0.0
0;12500;INTARIAN_PEPPER_ROOT;12006.0;8.0;;;;;12019.0;8.0;12020.0;8.0;12022.0;16.0;12012.5;0.0
0;12600;ASH_COATED_OSMIUM;9995.0;11.0;9993.0;28.0;9992.0;28.0;10011.0;11.0;10013.0;28.0;;;10003.0;0.0
0;12600;INTARIAN_PEPPER_ROOT;12006.0;10.0;12004.0;10.0;12003.0;18.0;12008.0;3.0;12016.0;17.0;12019.0;10.0;12007.0;0.0
0;12700;ASH_COATED_OSMIUM;9995.0;15.0;9994.0;11.0;9992.0;23.0;10011.0;15.0;10012.0;21.0;10013.0;23.0;10003.0;0.0
0;12700;INTARIAN_PEPPER_ROOT;12003.0;20.0;;;;;12019.0;11.0;;;;;12011.0;0.0
0;12800;ASH_COATED_OSMIUM;9994.0;15.0;9993.0;3.0;9993.0;11.0;10013.0;23.0;;;;;10003.5;0.0
0;12800;INTARIAN_PEPPER_ROOT;12006.0;11.0;12005.0;20.0;12003.0;19.0;;;;;;;12006.0;0.0
0;12900;ASH_COATED_OSMIUM;9995.0;14.0;9993.0;12.0;9992.0;29.0;10011.0;14.0;10012.0;10.0;10013.0;29.0;10003.0;0.0
0;12900;INTARIAN_PEPPER_ROOT;12006.0;10.0;;;;;12019.0;10.0;12020.0;16.0;12022.0;20.0;12012.5;0.0
0;13000;ASH_COATED_OSMIUM;9995.0;13.0;;;;;10011.0;13.0;;;;;10003.0;0.0
0;13000;INTARIAN_PEPPER_ROOT;12006.0;11.0;12004.0;22.0;12003.0;20.0;12020.0;11.0;12023.0;20.0;;;12013.0;0.0
0;13100;ASH_COATED_OSMIUM;9995.0;15.0;9994.0;14.0;9993.0;24.0;10011.0;15.0;10013.0;10.0;10014.0;24.0;10003.0;0.0
0;13100;INTARIAN_PEPPER_ROOT;12007.0;12.0;12005.0;8.0;12004.0;16.0;12020.0;12.0;;;;;12013.5;0.0
0;13200;ASH_COATED_OSMIUM;9996.0;12.0;;;;;10012.0;12.0;10013.0;23.0;10014.0;20.0;10004.0;0.0
0;13200;INTARIAN_PEPPER_ROOT;12007.0;12.0;12005.0;10.0;12004.0;20.0;12020.0;12.0;;;;;12013.5;0.0
0;13300;ASH_COATED_OSMIUM;9995.0;15.0;9994.0;29.0;9993.0;29.0;;;;;;;9995.0;0.0
0;13300;INTARIAN_PEPPER_ROOT;12007.0;12.0;;;;;12020.0;12.0;12022.0;20.0;12023.0;25.0;12013.5;0.0
0;13400;ASH_COATED_OSMIUM;9995.0;12.0;9993.0;14.0;9992.0;29.0;10011.0;12.0;10012.0;10.0;10013.0;29.0;10003.0;0.0
0;13400;INTARIAN_PEPPER_ROOT;12007.0;8.0;12005.0;17.0;12004.0;24.0;12020.0;8.0;12023.0;24.0;;;12013.5;0.0
0;13500;ASH_COATED_OSMIUM;9995.0;15.0;9994.0;13.0;9993.0;21.0;10011.0;15.0;;;;;10003.0;0.0
0;13500;INTARIAN_PEPPER_ROOT;12004.0;21.0;;;;;12020.0;9.0;12021.0;22.0;12023.0;21.0;12012.0;0.0
0;13600;ASH_COATED_OSMIUM;9995.0;11.0;;;;;10011.0;11.0;10012.0;14.0;10013.0;30.0;10003.0;0.0
0;13600;INTARIAN_PEPPER_ROOT;12007.0;12.0;;;;;12020.0;12.0;12021.0;8.0;12022.0;11.0;12013.5;0.0
0;13700;ASH_COATED_OSMIUM;9995.0;10.0;9994.0;23.0;9993.0;29.0;10011.0;10.0;10014.0;29.0;;;10003.0;0.0
0;13700;INTARIAN_PEPPER_ROOT;12007.0;12.0;12006.0;8.0;12005.0;10.0;12020.0;12.0;12023.0;22.0;;;12013.5;0.0
0;13800;ASH_COATED_OSMIUM;9995.0;12.0;9994.0;12.0;9993.0;26.0;;;;;;;9995.0;0.0
0;13800;INTARIAN_PEPPER_ROOT;12007.0;11.0;12005.0;9.0;12004.0;17.0;12020.0;11.0;12021.0;18.0;12023.0;17.0;12013.5;0.0
0;13900;ASH_COATED_OSMIUM;9992.0;20.0;;;;;10011.0;12.0;;;;;10001.5;0.0
0;13900;INTARIAN_PEPPER_ROOT;12017.0;4.0;12008.0;25.0;12007.0;12.0;12020.0;12.0;12023.0;15.0;;;12018.5;0.0
0;14000;ASH_COATED_OSMIUM;9995.0;15.0;;;;;10011.0;15.0;10012.0;14.0;10013.0;28.0;10003.0;0.0
0;14000;INTARIAN_PEPPER_ROOT;12007.0;9.0;12006.0;17.0;12004.0;21.0;12024.0;21.0;;;;;12015.5;0.0
0;14100;ASH_COATED_OSMIUM;9995.0;14.0;9994.0;28.0;9992.0;27.0;10011.0;14.0;;;;;10003.0;0.0
0;14100;INTARIAN_PEPPER_ROOT;12008.0;9.0;12007.0;22.0;12005.0;15.0;12021.0;9.0;;;;;12014.5;0.0
0;14200;ASH_COATED_OSMIUM;9994.0;15.0;9992.0;15.0;9991.0;26.0;10010.0;15.0;10011.0;14.0;10012.0;26.0;10002.0;0.0
0;14200;INTARIAN_PEPPER_ROOT;12008.0;11.0;12006.0;10.0;12005.0;23.0;12021.0;11.0;;;;;12014.5;0.0
0;14300;ASH_COATED_OSMIUM;9991.0;30.0;;;;;10010.0;13.0;10011.0;25.0;10012.0;30.0;10000.5;0.0
0;14300;INTARIAN_PEPPER_ROOT;12008.0;12.0;12007.0;24.0;12005.0;18.0;12021.0;12.0;12024.0;18.0;;;12014.5;0.0
0;14400;ASH_COATED_OSMIUM;9994.0;10.0;;;;;10010.0;10.0;10011.0;15.0;10012.0;26.0;10002.0;0.0
0;14400;INTARIAN_PEPPER_ROOT;12008.0;10.0;12006.0;10.0;12005.0;22.0;12016.0;11.0;12019.0;11.0;12021.0;10.0;12012.0;0.0
0;14500;ASH_COATED_OSMIUM;9994.0;10.0;9993.0;14.0;9992.0;20.0;10004.0;5.0;10010.0;10.0;10012.0;11.0;9999.0;0.0
0;14500;INTARIAN_PEPPER_ROOT;12008.0;11.0;12007.0;8.0;12005.0;19.0;12024.0;19.0;;;;;12016.0;0.0
0;14600;ASH_COATED_OSMIUM;9994.0;15.0;9993.0;22.0;9992.0;22.0;10010.0;15.0;10013.0;22.0;;;10002.0;0.0
0;14600;INTARIAN_PEPPER_ROOT;;;;;;;12021.0;12.0;;;;;12021.0;0.0
0;14700;ASH_COATED_OSMIUM;9994.0;12.0;9993.0;29.0;9992.0;26.0;10004.0;4.0;10010.0;12.0;10013.0;26.0;9999.0;0.0
0;14700;INTARIAN_PEPPER_ROOT;12005.0;16.0;;;;;12021.0;9.0;;;;;12013.0;0.0
0;14800;ASH_COATED_OSMIUM;9994.0;14.0;9993.0;20.0;9992.0;23.0;10010.0;14.0;10013.0;23.0;;;10002.0;0.0
0;14800;INTARIAN_PEPPER_ROOT;12008.0;8.0;12006.0;16.0;12005.0;19.0;12021.0;8.0;12024.0;19.0;;;12014.5;0.0
0;14900;ASH_COATED_OSMIUM;9992.0;20.0;;;;;10010.0;13.0;10011.0;30.0;10013.0;20.0;10001.0;0.0
0;14900;INTARIAN_PEPPER_ROOT;12005.0;18.0;;;;;12021.0;11.0;12022.0;8.0;12023.0;9.0;12013.0;0.0
0;15000;ASH_COATED_OSMIUM;9994.0;13.0;;;;;10004.0;3.0;10005.0;14.0;10010.0;13.0;9999.0;0.0
0;15000;INTARIAN_PEPPER_ROOT;12008.0;11.0;12007.0;25.0;12005.0;18.0;12022.0;11.0;12025.0;18.0;;;12015.0;0.0
0;15100;ASH_COATED_OSMIUM;9994.0;11.0;;;;;10010.0;11.0;10011.0;10.0;10011.0;25.0;10002.0;0.0
0;15100;INTARIAN_PEPPER_ROOT;12009.0;10.0;12007.0;20.0;12006.0;16.0;12025.0;16.0;;;;;12017.0;0.0
0;15200;ASH_COATED_OSMIUM;9994.0;10.0;9993.0;26.0;9992.0;25.0;10010.0;10.0;10013.0;25.0;;;10002.0;0.0
0;15200;INTARIAN_PEPPER_ROOT;12009.0;12.0;12008.0;12.0;12006.0;23.0;12022.0;12.0;12023.0;11.0;12025.0;23.0;12015.5;0.0
0;15300;ASH_COATED_OSMIUM;9992.0;24.0;;;;;;;;;;;9992.0;0.0
0;15300;INTARIAN_PEPPER_ROOT;12009.0;11.0;12007.0;9.0;12006.0;25.0;12022.0;11.0;12023.0;9.0;12025.0;25.0;12015.5;0.0
0;15400;ASH_COATED_OSMIUM;9994.0;14.0;9993.0;29.0;9991.0;23.0;10010.0;14.0;10012.0;23.0;;;10002.0;0.0
0;15400;INTARIAN_PEPPER_ROOT;12009.0;9.0;12008.0;11.0;12006.0;24.0;12022.0;9.0;12023.0;15.0;12025.0;24.0;12015.5;0.0
0;15500;ASH_COATED_OSMIUM;10003.0;10.0;9998.0;30.0;9993.0;10.0;10009.0;10.0;10012.0;22.0;;;10006.0;0.0
0;15500;INTARIAN_PEPPER_ROOT;12009.0;12.0;;;;;12022.0;12.0;12023.0;11.0;12025.0;16.0;12015.5;0.0
0;15600;ASH_COATED_OSMIUM;9994.0;11.0;9992.0;15.0;9991.0;23.0;10010.0;11.0;10011.0;20.0;10012.0;23.0;10002.0;0.0
0;15600;INTARIAN_PEPPER_ROOT;12009.0;9.0;12007.0;25.0;12006.0;22.0;12025.0;22.0;;;;;12017.0;0.0
0;15700;ASH_COATED_OSMIUM;9991.0;20.0;;;;;10009.0;15.0;10010.0;20.0;10011.0;11.0;10000.0;0.0
0;15700;INTARIAN_PEPPER_ROOT;12006.0;23.0;;;;;12025.0;23.0;;;;;12015.5;0.0
0;15800;ASH_COATED_OSMIUM;9993.0;15.0;9992.0;14.0;9990.0;23.0;10009.0;15.0;10010.0;11.0;10011.0;23.0;10001.0;0.0
0;15800;INTARIAN_PEPPER_ROOT;12006.0;16.0;;;;;12025.0;16.0;;;;;12015.5;0.0
0;15900;ASH_COATED_OSMIUM;9993.0;10.0;;;;;10009.0;10.0;;;;;10001.0;0.0
0;15900;INTARIAN_PEPPER_ROOT;12009.0;12.0;12007.0;19.0;12006.0;23.0;12022.0;12.0;12025.0;23.0;;;12015.5;0.0
0;16000;ASH_COATED_OSMIUM;9993.0;10.0;9992.0;23.0;9991.0;23.0;10009.0;10.0;10012.0;23.0;;;10001.0;0.0
0;16000;INTARIAN_PEPPER_ROOT;12009.0;9.0;12008.0;12.0;12006.0;17.0;12023.0;9.0;12025.0;11.0;12026.0;17.0;12016.0;0.0
0;16100;ASH_COATED_OSMIUM;9999.0;4.0;9992.0;27.0;9991.0;25.0;10010.0;13.0;10012.0;25.0;;;10004.5;0.0
0;16100;INTARIAN_PEPPER_ROOT;12010.0;9.0;12008.0;10.0;12007.0;25.0;12023.0;9.0;12025.0;10.0;12026.0;25.0;12016.5;0.0
0;16200;ASH_COATED_OSMIUM;9994.0;12.0;9992.0;24.0;9991.0;21.0;10010.0;12.0;10012.0;21.0;;;10002.0;0.0
0;16200;INTARIAN_PEPPER_ROOT;12010.0;12.0;12008.0;22.0;12007.0;24.0;12023.0;12.0;12026.0;24.0;;;12016.5;0.0
0;16300;ASH_COATED_OSMIUM;9991.0;22.0;;;;;10009.0;13.0;10011.0;13.0;10011.0;20.0;10000.0;0.0
0;16300;INTARIAN_PEPPER_ROOT;12010.0;8.0;12008.0;7.0;12007.0;16.0;12023.0;8.0;12025.0;17.0;12026.0;16.0;12016.5;0.0
0;16400;ASH_COATED_OSMIUM;9993.0;13.0;9992.0;12.0;9991.0;26.0;10009.0;13.0;10010.0;15.0;10012.0;26.0;10001.0;0.0
0;16400;INTARIAN_PEPPER_ROOT;12010.0;9.0;12009.0;19.0;12007.0;21.0;12023.0;9.0;12026.0;21.0;;;12016.5;0.0
0;16500;ASH_COATED_OSMIUM;9990.0;22.0;;;;;10009.0;15.0;;;;;9999.5;0.0
0;16500;INTARIAN_PEPPER_ROOT;12010.0;11.0;12009.0;18.0;12007.0;19.0;12026.0;19.0;;;;;12018.0;0.0
0;16600;ASH_COATED_OSMIUM;9992.0;15.0;;;;;10008.0;15.0;10009.0;24.0;10011.0;27.0;10000.0;0.0
0;16600;INTARIAN_PEPPER_ROOT;12010.0;12.0;12008.0;8.0;12008.0;9.0;12023.0;12.0;12024.0;9.0;12026.0;25.0;12016.5;0.0
0;16700;ASH_COATED_OSMIUM;9992.0;13.0;;;;;;;;;;;9992.0;0.0
0;16700;INTARIAN_PEPPER_ROOT;12007.0;24.0;;;;;12023.0;10.0;;;;;12015.0;0.0
0;16800;ASH_COATED_OSMIUM;9992.0;10.0;9991.0;22.0;9990.0;26.0;10008.0;10.0;10011.0;26.0;;;10000.0;0.0
0;16800;INTARIAN_PEPPER_ROOT;12010.0;8.0;12009.0;9.0;12007.0;23.0;12023.0;8.0;12024.0;16.0;12026.0;23.0;12016.5;0.0
0;16900;ASH_COATED_OSMIUM;9992.0;14.0;9991.0;26.0;9990.0;23.0;10008.0;14.0;10011.0;23.0;;;10000.0;0.0
0;16900;INTARIAN_PEPPER_ROOT;12010.0;10.0;12009.0;8.0;12007.0;17.0;12026.0;17.0;;;;;12018.0;0.0
0;17000;ASH_COATED_OSMIUM;9993.0;11.0;9992.0;15.0;9991.0;27.0;10009.0;11.0;10011.0;13.0;10012.0;27.0;10001.0;0.0
0;17000;INTARIAN_PEPPER_ROOT;12010.0;9.0;12009.0;17.0;12007.0;15.0;;;;;;;12010.0;0.0
0;17100;ASH_COATED_OSMIUM;9993.0;12.0;9992.0;21.0;9991.0;25.0;10009.0;12.0;10012.0;25.0;;;10001.0;0.0
0;17100;INTARIAN_PEPPER_ROOT;12008.0;17.0;;;;;12027.0;17.0;;;;;12017.5;0.0
0;17200;ASH_COATED_OSMIUM;9993.0;13.0;9992.0;11.0;9991.0;24.0;10009.0;13.0;10010.0;28.0;10012.0;24.0;10001.0;0.0
0;17200;INTARIAN_PEPPER_ROOT;12008.0;19.0;;;;;12024.0;9.0;12025.0;19.0;12027.0;19.0;12016.0;0.0
0;17300;ASH_COATED_OSMIUM;9993.0;12.0;9992.0;20.0;9991.0;29.0;10009.0;12.0;10010.0;29.0;10012.0;29.0;10001.0;0.0
0;17300;INTARIAN_PEPPER_ROOT;12011.0;8.0;12009.0;8.0;12008.0;22.0;;;;;;;12011.0;0.0
0;17400;ASH_COATED_OSMIUM;9994.0;11.0;9993.0;27.0;9991.0;21.0;10010.0;11.0;10012.0;21.0;;;10002.0;0.0
0;17400;INTARIAN_PEPPER_ROOT;12014.0;6.0;12011.0;9.0;12010.0;23.0;12024.0;9.0;12027.0;17.0;;;12019.0;0.0
0;17500;ASH_COATED_OSMIUM;9993.0;11.0;9992.0;12.0;9991.0;27.0;10009.0;11.0;10011.0;22.0;10012.0;27.0;10001.0;0.0
0;17500;INTARIAN_PEPPER_ROOT;12011.0;9.0;12009.0;23.0;12008.0;19.0;12024.0;9.0;12027.0;19.0;;;12017.5;0.0
0;17600;ASH_COATED_OSMIUM;9993.0;14.0;9992.0;11.0;9991.0;25.0;10009.0;14.0;10010.0;10.0;10012.0;25.0;10001.0;0.0
0;17600;INTARIAN_PEPPER_ROOT;12011.0;9.0;;;;;12024.0;9.0;12026.0;19.0;12027.0;22.0;12017.5;0.0
0;17700;ASH_COATED_OSMIUM;9993.0;10.0;9991.0;10.0;9990.0;24.0;10009.0;10.0;10010.0;12.0;10011.0;24.0;10001.0;0.0
0;17700;INTARIAN_PEPPER_ROOT;12011.0;8.0;12009.0;23.0;12008.0;16.0;12027.0;16.0;;;;;12019.0;0.0
0;17800;ASH_COATED_OSMIUM;9993.0;10.0;9991.0;24.0;9990.0;23.0;10011.0;23.0;;;;;10002.0;0.0
0;17800;INTARIAN_PEPPER_ROOT;12008.0;24.0;;;;;12024.0;8.0;12025.0;17.0;12027.0;24.0;12016.0;0.0
0;17900;ASH_COATED_OSMIUM;9993.0;11.0;9992.0;15.0;9991.0;22.0;10009.0;11.0;;;;;10001.0;0.0
0;17900;INTARIAN_PEPPER_ROOT;12011.0;9.0;12009.0;25.0;12008.0;20.0;12024.0;9.0;12027.0;20.0;;;12017.5;0.0
0;18000;ASH_COATED_OSMIUM;9993.0;15.0;9992.0;22.0;9991.0;23.0;10009.0;15.0;;;;;10001.0;0.0
0;18000;INTARIAN_PEPPER_ROOT;12011.0;9.0;12009.0;9.0;12008.0;21.0;12028.0;21.0;;;;;12019.5;0.0
0;18100;ASH_COATED_OSMIUM;9993.0;11.0;9992.0;30.0;9991.0;30.0;10012.0;30.0;;;;;10002.5;0.0
0;18100;INTARIAN_PEPPER_ROOT;12012.0;10.0;;;;;12028.0;25.0;;;;;12020.0;0.0
0;18200;ASH_COATED_OSMIUM;9993.0;10.0;;;;;10009.0;10.0;10011.0;14.0;10012.0;28.0;10001.0;0.0
0;18200;INTARIAN_PEPPER_ROOT;12012.0;10.0;;;;;12025.0;10.0;;;;;12018.5;0.0
0;18300;ASH_COATED_OSMIUM;9991.0;28.0;;;;;10009.0;11.0;10011.0;25.0;10012.0;28.0;10000.0;0.0
0;18300;INTARIAN_PEPPER_ROOT;12012.0;12.0;12010.0;9.0;12009.0;17.0;12025.0;12.0;12026.0;23.0;12028.0;17.0;12018.5;0.0
0;18400;ASH_COATED_OSMIUM;9994.0;10.0;9992.0;10.0;9991.0;22.0;10010.0;10.0;10011.0;11.0;10012.0;22.0;10002.0;0.0
0;18400;INTARIAN_PEPPER_ROOT;12012.0;11.0;12011.0;11.0;12009.0;25.0;12025.0;11.0;12026.0;9.0;12028.0;25.0;12018.5;0.0
0;18500;ASH_COATED_OSMIUM;9994.0;11.0;9993.0;28.0;9991.0;25.0;10010.0;11.0;;;;;10002.0;0.0
0;18500;INTARIAN_PEPPER_ROOT;12012.0;10.0;12011.0;11.0;12009.0;20.0;12025.0;10.0;12027.0;22.0;12028.0;20.0;12018.5;0.0
0;18600;ASH_COATED_OSMIUM;9994.0;11.0;9993.0;11.0;9991.0;25.0;10010.0;11.0;;;;;10002.0;0.0
0;18600;INTARIAN_PEPPER_ROOT;12012.0;11.0;12010.0;10.0;12009.0;25.0;12028.0;25.0;;;;;12020.0;0.0
0;18700;ASH_COATED_OSMIUM;9994.0;13.0;9992.0;10.0;9991.0;20.0;10003.0;2.0;10010.0;13.0;10011.0;27.0;9998.5;0.0
0;18700;INTARIAN_PEPPER_ROOT;12012.0;9.0;;;;;12028.0;21.0;;;;;12020.0;0.0
0;18800;ASH_COATED_OSMIUM;9994.0;13.0;;;;;10010.0;13.0;10012.0;15.0;10013.0;29.0;10002.0;0.0
0;18800;INTARIAN_PEPPER_ROOT;12012.0;8.0;;;;;12025.0;8.0;;;;;12018.5;0.0
0;18900;ASH_COATED_OSMIUM;9994.0;12.0;;;;;10003.0;5.0;10005.0;28.0;10010.0;12.0;9998.5;0.0
0;18900;INTARIAN_PEPPER_ROOT;12009.0;23.0;;;;;12025.0;10.0;12027.0;8.0;12027.0;22.0;12017.0;0.0
0;19000;ASH_COATED_OSMIUM;9994.0;10.0;9993.0;21.0;9991.0;27.0;10012.0;27.0;;;;;10003.0;0.0
0;19000;INTARIAN_PEPPER_ROOT;12012.0;12.0;12011.0;8.0;12009.0;18.0;12026.0;12.0;12027.0;9.0;12029.0;18.0;12019.0;0.0
0;19100;ASH_COATED_OSMIUM;9994.0;13.0;;;;;10010.0;13.0;10011.0;14.0;10012.0;29.0;10002.0;0.0
0;19100;INTARIAN_PEPPER_ROOT;12013.0;11.0;12012.0;21.0;12010.0;21.0;12026.0;11.0;12029.0;21.0;;;12019.5;0.0
0;19200;ASH_COATED_OSMIUM;9993.0;10.0;;;;;10009.0;10.0;10012.0;23.0;;;10001.0;0.0
0;19200;INTARIAN_PEPPER_ROOT;12013.0;9.0;12011.0;11.0;12010.0;16.0;12026.0;9.0;12027.0;7.0;12029.0;16.0;12019.5;0.0
0;19300;ASH_COATED_OSMIUM;9993.0;15.0;9992.0;12.0;9991.0;22.0;10009.0;15.0;10011.0;23.0;10012.0;22.0;10001.0;0.0
0;19300;INTARIAN_PEPPER_ROOT;12013.0;8.0;;;;;12026.0;8.0;12028.0;12.0;12029.0;23.0;12019.5;0.0
0;19400;ASH_COATED_OSMIUM;9993.0;14.0;9992.0;11.0;9991.0;24.0;10009.0;14.0;10010.0;10.0;10012.0;24.0;10001.0;0.0
0;19400;INTARIAN_PEPPER_ROOT;12013.0;8.0;12011.0;9.0;12010.0;22.0;12026.0;8.0;12027.0;9.0;12029.0;22.0;12019.5;0.0
0;19500;ASH_COATED_OSMIUM;9993.0;11.0;9992.0;30.0;9990.0;23.0;10009.0;11.0;10011.0;23.0;;;10001.0;0.0
0;19500;INTARIAN_PEPPER_ROOT;12010.0;19.0;;;;;12026.0;8.0;12028.0;20.0;12029.0;19.0;12018.0;0.0
0;19600;ASH_COATED_OSMIUM;9993.0;11.0;9992.0;10.0;9990.0;26.0;10009.0;11.0;10010.0;11.0;10011.0;26.0;10001.0;0.0
0;19600;INTARIAN_PEPPER_ROOT;12010.0;23.0;;;;;12026.0;9.0;;;;;12018.0;0.0
0;19700;ASH_COATED_OSMIUM;9990.0;25.0;;;;;10009.0;15.0;10010.0;20.0;10011.0;25.0;9999.5;0.0
0;19700;INTARIAN_PEPPER_ROOT;12013.0;10.0;12012.0;10.0;12010.0;22.0;;;;;;;12013.0;0.0
0;19800;ASH_COATED_OSMIUM;9993.0;14.0;9992.0;28.0;9990.0;29.0;9998.0;4.0;10009.0;14.0;10011.0;29.0;9995.5;0.0
0;19800;INTARIAN_PEPPER_ROOT;12013.0;10.0;12011.0;20.0;12010.0;16.0;12026.0;10.0;12029.0;16.0;;;12019.5;0.0
0;19900;ASH_COATED_OSMIUM;9993.0;10.0;9992.0;15.0;9991.0;26.0;10009.0;10.0;10011.0;11.0;10012.0;26.0;10001.0;0.0
0;19900;INTARIAN_PEPPER_ROOT;12013.0;12.0;12012.0;22.0;12010.0;15.0;12022.0;11.0;12026.0;12.0;12029.0;15.0;12017.5;0.0
0;20000;ASH_COATED_OSMIUM;9993.0;14.0;9992.0;15.0;9991.0;21.0;10009.0;14.0;10011.0;10.0;10012.0;21.0;10001.0;0.0
0;20000;INTARIAN_PEPPER_ROOT;12010.0;24.0;;;;;12027.0;11.0;12028.0;19.0;12030.0;24.0;12018.5;0.0
0;20100;ASH_COATED_OSMIUM;9993.0;11.0;9991.0;10.0;9991.0;30.0;10009.0;11.0;10011.0;30.0;;;10001.0;0.0
0;20100;INTARIAN_PEPPER_ROOT;12014.0;11.0;;;;;12030.0;15.0;;;;;12022.0;0.0
0;20200;ASH_COATED_OSMIUM;9993.0;14.0;9991.0;10.0;9990.0;26.0;10011.0;26.0;;;;;10002.0;0.0
0;20200;INTARIAN_PEPPER_ROOT;;;;;;;12027.0;8.0;12028.0;15.0;12030.0;15.0;12027.0;0.0
0;20300;ASH_COATED_OSMIUM;9990.0;26.0;;;;;10009.0;11.0;10010.0;27.0;10011.0;26.0;9999.5;0.0
0;20300;INTARIAN_PEPPER_ROOT;12014.0;12.0;12012.0;12.0;12011.0;22.0;;;;;;;12014.0;0.0
0;20400;ASH_COATED_OSMIUM;9992.0;11.0;9991.0;13.0;9990.0;27.0;10008.0;11.0;10010.0;15.0;10011.0;27.0;10000.0;0.0
0;20400;INTARIAN_PEPPER_ROOT;12014.0;8.0;12013.0;9.0;12011.0;17.0;12027.0;8.0;12028.0;22.0;12030.0;17.0;12020.5;0.0
0;20500;ASH_COATED_OSMIUM;9992.0;10.0;9991.0;26.0;9990.0;28.0;10008.0;10.0;10011.0;28.0;;;10000.0;0.0
0;20500;INTARIAN_PEPPER_ROOT;12014.0;12.0;12012.0;11.0;12011.0;22.0;12027.0;12.0;12029.0;9.0;12030.0;22.0;12020.5;0.0
0;20600;ASH_COATED_OSMIUM;9992.0;13.0;9991.0;15.0;9990.0;25.0;10008.0;13.0;10010.0;10.0;10011.0;25.0;10000.0;0.0
0;20600;INTARIAN_PEPPER_ROOT;12014.0;10.0;12012.0;21.0;12011.0;16.0;12027.0;10.0;12030.0;16.0;;;12020.5;0.0
0;20700;ASH_COATED_OSMIUM;9990.0;20.0;;;;;10008.0;15.0;10009.0;13.0;10010.0;13.0;9999.0;0.0
0;20700;INTARIAN_PEPPER_ROOT;12014.0;8.0;12013.0;10.0;12011.0;15.0;12027.0;8.0;;;;;12020.5;0.0
0;20800;ASH_COATED_OSMIUM;9992.0;10.0;;;;;10008.0;10.0;10009.0;24.0;10011.0;23.0;10000.0;0.0
0;20800;INTARIAN_PEPPER_ROOT;12014.0;9.0;12013.0;16.0;12011.0;25.0;12030.0;25.0;;;;;12022.0;0.0
0;20900;ASH_COATED_OSMIUM;9992.0;14.0;;;;;10008.0;14.0;10009.0;26.0;10011.0;20.0;10000.0;0.0
0;20900;INTARIAN_PEPPER_ROOT;12014.0;9.0;12012.0;25.0;12011.0;22.0;12027.0;9.0;12030.0;22.0;;;12020.5;0.0
0;21000;ASH_COATED_OSMIUM;9993.0;10.0;9992.0;13.0;9990.0;21.0;10009.0;10.0;10010.0;11.0;10011.0;21.0;10001.0;0.0
0;21000;INTARIAN_PEPPER_ROOT;12014.0;10.0;12013.0;24.0;12011.0;17.0;12028.0;10.0;;;;;12021.0;0.0
0;21100;ASH_COATED_OSMIUM;9992.0;11.0;;;;;10008.0;11.0;10010.0;15.0;10011.0;26.0;10000.0;0.0
0;21100;INTARIAN_PEPPER_ROOT;12015.0;10.0;12013.0;18.0;12012.0;18.0;;;;;;;12015.0;0.0
0;21200;ASH_COATED_OSMIUM;9992.0;12.0;9991.0;23.0;9990.0;25.0;10002.0;5.0;10008.0;12.0;10011.0;25.0;9997.0;0.0
0;21200;INTARIAN_PEPPER_ROOT;12015.0;12.0;12014.0;17.0;12012.0;23.0;12028.0;12.0;12029.0;12.0;12031.0;23.0;12021.5;0.0
0;21300;ASH_COATED_OSMIUM;9993.0;14.0;9991.0;12.0;9990.0;30.0;10009.0;14.0;10010.0;12.0;10011.0;30.0;10001.0;0.0
0;21300;INTARIAN_PEPPER_ROOT;12015.0;10.0;12014.0;24.0;12012.0;17.0;12028.0;10.0;12031.0;17.0;;;12021.5;0.0
0;21400;ASH_COATED_OSMIUM;;;;;;;10008.0;12.0;10010.0;15.0;10011.0;24.0;10008.0;0.0
0;21400;INTARIAN_PEPPER_ROOT;12015.0;10.0;12013.0;25.0;12012.0;23.0;12028.0;10.0;;;;;12021.5;0.0
0;21500;ASH_COATED_OSMIUM;9998.0;3.0;9996.0;29.0;9993.0;15.0;10011.0;29.0;;;;;10004.5;0.0
0;21500;INTARIAN_PEPPER_ROOT;12015.0;9.0;12012.0;20.0;;;12028.0;9.0;;;;;12021.5;0.0
0;21600;ASH_COATED_OSMIUM;9993.0;14.0;9991.0;11.0;9990.0;27.0;10009.0;14.0;10010.0;14.0;10011.0;27.0;10001.0;0.0
0;21600;INTARIAN_PEPPER_ROOT;12015.0;8.0;12013.0;24.0;12012.0;22.0;12028.0;8.0;12031.0;22.0;;;12021.5;0.0
0;21700;ASH_COATED_OSMIUM;9993.0;14.0;9991.0;15.0;9990.0;27.0;10009.0;14.0;10010.0;15.0;10011.0;27.0;10001.0;0.0
0;21700;INTARIAN_PEPPER_ROOT;12015.0;8.0;12014.0;18.0;12012.0;23.0;12028.0;8.0;;;;;12021.5;0.0
0;21800;ASH_COATED_OSMIUM;9993.0;10.0;9992.0;29.0;9991.0;23.0;10009.0;10.0;10012.0;23.0;;;10001.0;0.0
0;21800;INTARIAN_PEPPER_ROOT;12015.0;8.0;12014.0;10.0;12012.0;24.0;12031.0;24.0;;;;;12023.0;0.0
0;21900;ASH_COATED_OSMIUM;9993.0;13.0;9992.0;20.0;9991.0;29.0;10009.0;13.0;10010.0;11.0;10012.0;29.0;10001.0;0.0
0;21900;INTARIAN_PEPPER_ROOT;12015.0;8.0;12013.0;16.0;12012.0;15.0;12031.0;15.0;;;;;12023.0;0.0
0;22000;ASH_COATED_OSMIUM;;;;;;;10009.0;15.0;10012.0;27.0;;;10009.0;0.0
0;22000;INTARIAN_PEPPER_ROOT;12015.0;9.0;12014.0;8.0;12012.0;17.0;12029.0;9.0;;;;;12022.0;0.0
0;22100;ASH_COATED_OSMIUM;9993.0;11.0;9992.0;27.0;9991.0;29.0;10009.0;11.0;10012.0;29.0;;;10001.0;0.0
0;22100;INTARIAN_PEPPER_ROOT;12016.0;12.0;12015.0;9.0;12013.0;21.0;12029.0;12.0;;;;;12022.5;0.0
0;22200;ASH_COATED_OSMIUM;9991.0;28.0;;;;;10010.0;11.0;;;;;10000.5;0.0
0;22200;INTARIAN_PEPPER_ROOT;12016.0;12.0;;;;;12029.0;12.0;;;;;12022.5;0.0
0;22300;ASH_COATED_OSMIUM;9994.0;15.0;9992.0;28.0;9991.0;28.0;;;;;;;9994.0;0.0
0;22300;INTARIAN_PEPPER_ROOT;;;;;;;12029.0;12.0;12031.0;21.0;12032.0;23.0;12029.0;0.0
0;22400;ASH_COATED_OSMIUM;9993.0;11.0;;;;;10009.0;11.0;;;;;10001.0;0.0
0;22400;INTARIAN_PEPPER_ROOT;12016.0;10.0;12014.0;12.0;12013.0;25.0;12029.0;10.0;12030.0;17.0;12032.0;25.0;12022.5;0.0
0;22500;ASH_COATED_OSMIUM;9991.0;27.0;;;;;;;;;;;9991.0;0.0
0;22500;INTARIAN_PEPPER_ROOT;12016.0;10.0;12015.0;8.0;12015.0;9.0;12029.0;10.0;12031.0;8.0;12032.0;25.0;12022.5;0.0
0;22600;ASH_COATED_OSMIUM;9994.0;11.0;9993.0;26.0;9992.0;28.0;10010.0;11.0;10013.0;28.0;;;10002.0;0.0
0;22600;INTARIAN_PEPPER_ROOT;12016.0;9.0;12014.0;18.0;12013.0;17.0;12029.0;9.0;12032.0;17.0;;;12022.5;0.0
0;22700;ASH_COATED_OSMIUM;9999.0;5.0;9994.0;10.0;9993.0;15.0;10010.0;10.0;;;;;10004.5;0.0
0;22700;INTARIAN_PEPPER_ROOT;12016.0;9.0;12014.0;10.0;12013.0;19.0;12029.0;9.0;12030.0;8.0;12032.0;19.0;12022.5;0.0
0;22800;ASH_COATED_OSMIUM;9991.0;25.0;;;;;10009.0;14.0;10010.0;12.0;10011.0;12.0;10000.0;0.0
0;22800;INTARIAN_PEPPER_ROOT;12016.0;11.0;12015.0;24.0;12013.0;19.0;12029.0;11.0;12032.0;19.0;;;12022.5;0.0
0;22900;ASH_COATED_OSMIUM;9993.0;11.0;;;;;10009.0;11.0;10010.0;12.0;10012.0;26.0;10001.0;0.0
0;22900;INTARIAN_PEPPER_ROOT;12016.0;10.0;12015.0;22.0;12013.0;25.0;12029.0;10.0;;;;;12022.5;0.0
0;23000;ASH_COATED_OSMIUM;9993.0;12.0;;;;;10009.0;12.0;;;;;10001.0;0.0
0;23000;INTARIAN_PEPPER_ROOT;12016.0;11.0;12015.0;10.0;12013.0;20.0;12030.0;11.0;12032.0;22.0;12033.0;20.0;12023.0;0.0
0;23100;ASH_COATED_OSMIUM;9993.0;13.0;;;;;10009.0;13.0;10011.0;15.0;10012.0;29.0;10001.0;0.0
0;23100;INTARIAN_PEPPER_ROOT;12017.0;10.0;;;;;12019.0;4.0;12030.0;10.0;12031.0;10.0;12018.0;0.0
0;23200;ASH_COATED_OSMIUM;9990.0;27.0;;;;;10002.0;2.0;10004.0;30.0;10009.0;14.0;9996.0;0.0
0;23200;INTARIAN_PEPPER_ROOT;12017.0;10.0;12016.0;20.0;12014.0;22.0;12030.0;10.0;12033.0;22.0;;;12023.5;0.0
0;23300;ASH_COATED_OSMIUM;9992.0;12.0;9991.0;14.0;9990.0;26.0;10008.0;12.0;10010.0;10.0;10011.0;26.0;10000.0;0.0
0;23300;INTARIAN_PEPPER_ROOT;12017.0;8.0;12016.0;22.0;12014.0;23.0;12030.0;8.0;12033.0;23.0;;;12023.5;0.0
0;23400;ASH_COATED_OSMIUM;9990.0;28.0;;;;;10009.0;11.0;10010.0;25.0;10011.0;28.0;9999.5;0.0
0;23400;INTARIAN_PEPPER_ROOT;;;;;;;12030.0;10.0;12031.0;12.0;12033.0;23.0;12030.0;0.0
0;23500;ASH_COATED_OSMIUM;9993.0;11.0;;;;;10009.0;11.0;10010.0;27.0;10011.0;28.0;10001.0;0.0
0;23500;INTARIAN_PEPPER_ROOT;;;;;;;12030.0;9.0;12033.0;21.0;;;12030.0;0.0
0;23600;ASH_COATED_OSMIUM;9990.0;21.0;;;;;10009.0;15.0;10010.0;13.0;10010.0;23.0;9999.5;0.0
0;23600;INTARIAN_PEPPER_ROOT;12017.0;10.0;12016.0;9.0;12014.0;18.0;12030.0;10.0;12031.0;20.0;12033.0;18.0;12023.5;0.0
0;23700;ASH_COATED_OSMIUM;9992.0;11.0;9991.0;26.0;9990.0;30.0;10008.0;11.0;10011.0;30.0;;;10000.0;0.0
0;23700;INTARIAN_PEPPER_ROOT;12017.0;8.0;12015.0;16.0;12014.0;16.0;12030.0;8.0;12033.0;16.0;;;12023.5;0.0
0;23800;ASH_COATED_OSMIUM;9992.0;14.0;9991.0;13.0;9990.0;27.0;10008.0;14.0;10009.0;30.0;10011.0;27.0;10000.0;0.0
0;23800;INTARIAN_PEPPER_ROOT;12017.0;9.0;12016.0;19.0;12014.0;18.0;12030.0;9.0;12033.0;18.0;;;12023.5;0.0
0;23900;ASH_COATED_OSMIUM;9990.0;29.0;;;;;10009.0;15.0;10010.0;14.0;10010.0;30.0;9999.5;0.0
0;23900;INTARIAN_PEPPER_ROOT;12017.0;12.0;12016.0;23.0;12014.0;19.0;12033.0;19.0;;;;;12025.0;0.0
0;24000;ASH_COATED_OSMIUM;9993.0;12.0;9991.0;27.0;9990.0;23.0;10009.0;12.0;10011.0;23.0;;;10001.0;0.0
0;24000;INTARIAN_PEPPER_ROOT;12017.0;9.0;12015.0;8.0;12014.0;19.0;12034.0;19.0;;;;;12025.5;0.0
0;24100;ASH_COATED_OSMIUM;9993.0;12.0;9991.0;11.0;9990.0;23.0;10009.0;12.0;10010.0;22.0;10011.0;23.0;10001.0;0.0
0;24100;INTARIAN_PEPPER_ROOT;12015.0;22.0;;;;;12031.0;10.0;;;;;12023.0;0.0
0;24200;ASH_COATED_OSMIUM;9992.0;11.0;9991.0;10.0;9990.0;30.0;10011.0;30.0;;;;;10001.5;0.0
0;24200;INTARIAN_PEPPER_ROOT;12018.0;9.0;12016.0;10.0;12015.0;20.0;12031.0;9.0;12032.0;9.0;12034.0;20.0;12024.5;0.0
0;24300;ASH_COATED_OSMIUM;9993.0;12.0;;;;;10011.0;30.0;;;;;10002.0;0.0
0;24300;INTARIAN_PEPPER_ROOT;12018.0;12.0;;;;;12031.0;12.0;12032.0;12.0;12034.0;17.0;12024.5;0.0
0;24400;ASH_COATED_OSMIUM;9992.0;14.0;9991.0;26.0;9990.0;20.0;9998.0;9.0;10008.0;14.0;10011.0;20.0;9995.0;0.0
0;24400;INTARIAN_PEPPER_ROOT;12018.0;10.0;;;;;12031.0;10.0;12034.0;22.0;;;12024.5;0.0
0;24500;ASH_COATED_OSMIUM;9992.0;11.0;9991.0;24.0;9990.0;24.0;10011.0;24.0;;;;;10001.5;0.0
0;24500;INTARIAN_PEPPER_ROOT;12018.0;12.0;12017.0;9.0;12015.0;15.0;12031.0;12.0;12033.0;8.0;12034.0;15.0;12024.5;0.0
0;24600;ASH_COATED_OSMIUM;9992.0;14.0;9991.0;28.0;9990.0;23.0;10008.0;14.0;10011.0;23.0;;;10000.0;0.0
0;24600;INTARIAN_PEPPER_ROOT;12018.0;8.0;12016.0;12.0;12015.0;17.0;12031.0;8.0;12032.0;10.0;12034.0;17.0;12024.5;0.0
0;24700;ASH_COATED_OSMIUM;9990.0;22.0;;;;;10009.0;12.0;10010.0;29.0;10011.0;22.0;9999.5;0.0
0;24700;INTARIAN_PEPPER_ROOT;12018.0;12.0;12016.0;24.0;12015.0;18.0;12031.0;12.0;12034.0;18.0;;;12024.5;0.0
0;24800;ASH_COATED_OSMIUM;9993.0;11.0;9991.0;10.0;9990.0;20.0;10009.0;11.0;10010.0;24.0;10011.0;20.0;10001.0;0.0
0;24800;INTARIAN_PEPPER_ROOT;12015.0;17.0;;;;;12031.0;11.0;12032.0;19.0;12034.0;17.0;12023.0;0.0
0;24900;ASH_COATED_OSMIUM;9993.0;11.0;9991.0;15.0;9990.0;28.0;10009.0;11.0;;;;;10001.0;0.0
0;24900;INTARIAN_PEPPER_ROOT;12018.0;11.0;;;;;12031.0;11.0;12032.0;23.0;12034.0;17.0;12024.5;0.0
0;25000;ASH_COATED_OSMIUM;9993.0;14.0;9991.0;30.0;9990.0;25.0;10011.0;25.0;;;;;10002.0;0.0
0;25000;INTARIAN_PEPPER_ROOT;12018.0;11.0;;;;;12032.0;11.0;12033.0;12.0;12035.0;15.0;12025.0;0.0
0;25100;ASH_COATED_OSMIUM;9993.0;10.0;9992.0;26.0;9991.0;30.0;10009.0;10.0;10012.0;30.0;;;10001.0;0.0
0;25100;INTARIAN_PEPPER_ROOT;12019.0;12.0;12018.0;25.0;12016.0;19.0;12032.0;12.0;12035.0;19.0;;;12025.5;0.0
0;25200;ASH_COATED_OSMIUM;;;;;;;10009.0;10.0;;;;;10009.0;0.0
0;25200;INTARIAN_PEPPER_ROOT;12019.0;8.0;12018.0;15.0;12016.0;17.0;12035.0;17.0;;;;;12027.0;0.0
0;25300;ASH_COATED_OSMIUM;9993.0;11.0;9991.0;11.0;9990.0;28.0;10009.0;11.0;10010.0;5.0;10010.0;24.0;10001.0;0.0
0;25300;INTARIAN_PEPPER_ROOT;12019.0;10.0;;;;;12032.0;10.0;;;;;12025.5;0.0
0;25400;ASH_COATED_OSMIUM;9993.0;14.0;9991.0;20.0;9990.0;28.0;10009.0;14.0;10010.0;11.0;10011.0;28.0;10001.0;0.0
0;25400;INTARIAN_PEPPER_ROOT;12019.0;11.0;12017.0;24.0;12016.0;25.0;12032.0;11.0;12035.0;25.0;;;12025.5;0.0
0;25500;ASH_COATED_OSMIUM;9993.0;11.0;9992.0;26.0;9990.0;22.0;10011.0;22.0;;;;;10002.0;0.0
0;25500;INTARIAN_PEPPER_ROOT;12019.0;10.0;12018.0;11.0;12016.0;24.0;12021.0;6.0;12032.0;10.0;12034.0;10.0;12020.0;0.0
0;25600;ASH_COATED_OSMIUM;9993.0;14.0;9991.0;12.0;9990.0;24.0;;;;;;;9993.0;0.0
0;25600;INTARIAN_PEPPER_ROOT;12019.0;8.0;12017.0;11.0;12016.0;22.0;12035.0;22.0;;;;;12027.0;0.0
0;25700;ASH_COATED_OSMIUM;9993.0;14.0;9991.0;12.0;9990.0;21.0;10009.0;14.0;;;;;10001.0;0.0
0;25700;INTARIAN_PEPPER_ROOT;12019.0;8.0;;;;;12032.0;8.0;12035.0;22.0;;;12025.5;0.0
0;25800;ASH_COATED_OSMIUM;9992.0;15.0;9991.0;13.0;9990.0;20.0;10011.0;20.0;;;;;10001.5;0.0
0;25800;INTARIAN_PEPPER_ROOT;12016.0;18.0;;;;;12032.0;10.0;;;;;12024.0;0.0
0;25900;ASH_COATED_OSMIUM;9993.0;12.0;9992.0;29.0;9990.0;30.0;10009.0;12.0;10011.0;30.0;;;10001.0;0.0
0;25900;INTARIAN_PEPPER_ROOT;12016.0;17.0;;;;;12032.0;9.0;;;;;12024.0;0.0
0;26000;ASH_COATED_OSMIUM;9993.0;13.0;;;;;10011.0;21.0;;;;;10002.0;0.0
0;26000;INTARIAN_PEPPER_ROOT;12016.0;25.0;;;;;12033.0;9.0;12034.0;9.0;12034.0;20.0;12024.5;0.0
0;26100;ASH_COATED_OSMIUM;9993.0;10.0;;;;;10011.0;28.0;;;;;10002.0;0.0
0;26100;INTARIAN_PEPPER_ROOT;12020.0;9.0;12018.0;10.0;12017.0;21.0;12033.0;9.0;12035.0;9.0;12036.0;21.0;12026.5;0.0
0;26200;ASH_COATED_OSMIUM;9993.0;15.0;9992.0;22.0;9991.0;30.0;10009.0;15.0;;;;;10001.0;0.0
0;26200;INTARIAN_PEPPER_ROOT;12020.0;10.0;12018.0;12.0;12017.0;19.0;;;;;;;12020.0;0.0
0;26300;ASH_COATED_OSMIUM;9993.0;13.0;;;;;10009.0;13.0;10010.0;13.0;10012.0;22.0;10001.0;0.0
0;26300;INTARIAN_PEPPER_ROOT;12020.0;11.0;12018.0;19.0;12017.0;18.0;12036.0;18.0;;;;;12028.0;0.0
0;26400;ASH_COATED_OSMIUM;9991.0;23.0;;;;;10010.0;13.0;10011.0;28.0;10012.0;23.0;10000.5;0.0
0;26400;INTARIAN_PEPPER_ROOT;12017.0;15.0;;;;;12033.0;12.0;12034.0;20.0;12036.0;15.0;12025.0;0.0
0;26500;ASH_COATED_OSMIUM;9994.0;13.0;9993.0;12.0;9991.0;27.0;10010.0;13.0;10011.0;20.0;10012.0;27.0;10002.0;0.0
0;26500;INTARIAN_PEPPER_ROOT;12030.0;6.0;12023.0;10.0;12020.0;8.0;12033.0;8.0;;;;;12031.5;0.0
0;26600;ASH_COATED_OSMIUM;;;;;;;10010.0;12.0;10013.0;27.0;;;10010.0;0.0
0;26600;INTARIAN_PEPPER_ROOT;12020.0;11.0;12018.0;9.0;12017.0;15.0;12036.0;15.0;;;;;12028.0;0.0
0;26700;ASH_COATED_OSMIUM;9994.0;10.0;9992.0;24.0;;;10010.0;10.0;;;;;10002.0;0.0
0;26700;INTARIAN_PEPPER_ROOT;12020.0;10.0;12019.0;18.0;12017.0;23.0;12033.0;10.0;;;;;12026.5;0.0
0;26800;ASH_COATED_OSMIUM;9994.0;15.0;9993.0;29.0;9991.0;24.0;9999.0;8.0;10010.0;15.0;10012.0;24.0;9996.5;0.0
0;26800;INTARIAN_PEPPER_ROOT;12020.0;12.0;12017.0;15.0;;;12036.0;15.0;;;;;12028.0;0.0
0;26900;ASH_COATED_OSMIUM;9993.0;10.0;9992.0;12.0;9991.0;30.0;10009.0;10.0;;;;;10001.0;0.0
0;26900;INTARIAN_PEPPER_ROOT;12020.0;9.0;12017.0;18.0;;;;;;;;;12020.0;0.0
0;27000;ASH_COATED_OSMIUM;9993.0;11.0;9992.0;15.0;9990.0;26.0;10009.0;11.0;10010.0;28.0;10011.0;26.0;10001.0;0.0
0;27000;INTARIAN_PEPPER_ROOT;12020.0;8.0;12018.0;24.0;12017.0;25.0;12037.0;25.0;;;;;12028.5;0.0
0;27100;ASH_COATED_OSMIUM;9993.0;10.0;;;;;;;;;;;9993.0;0.0
0;27100;INTARIAN_PEPPER_ROOT;12021.0;9.0;12019.0;17.0;12018.0;19.0;12034.0;9.0;12037.0;19.0;;;12027.5;0.0
0;27200;ASH_COATED_OSMIUM;9993.0;13.0;9992.0;11.0;9990.0;22.0;10009.0;13.0;10010.0;13.0;10011.0;22.0;10001.0;0.0
0;27200;INTARIAN_PEPPER_ROOT;12021.0;12.0;;;;;12034.0;12.0;;;;;12027.5;0.0
0;27300;ASH_COATED_OSMIUM;9993.0;10.0;9992.0;22.0;9990.0;26.0;10009.0;10.0;10011.0;26.0;;;10001.0;0.0
0;27300;INTARIAN_PEPPER_ROOT;12021.0;10.0;12019.0;18.0;12018.0;19.0;12037.0;19.0;;;;;12029.0;0.0
0;27400;ASH_COATED_OSMIUM;9993.0;15.0;9992.0;15.0;9991.0;27.0;10009.0;15.0;10010.0;14.0;10012.0;27.0;10001.0;0.0
0;27400;INTARIAN_PEPPER_ROOT;12021.0;12.0;12020.0;22.0;12018.0;17.0;12034.0;12.0;;;;;12027.5;0.0
0;27500;ASH_COATED_OSMIUM;9993.0;10.0;9992.0;22.0;9991.0;26.0;10009.0;10.0;10012.0;26.0;;;10001.0;0.0
0;27500;INTARIAN_PEPPER_ROOT;12021.0;11.0;12020.0;12.0;12018.0;15.0;12034.0;11.0;;;;;12027.5;0.0
0;27600;ASH_COATED_OSMIUM;9993.0;11.0;9992.0;29.0;9991.0;25.0;10009.0;11.0;10012.0;25.0;;;10001.0;0.0
0;27600;INTARIAN_PEPPER_ROOT;12021.0;10.0;12020.0;24.0;12018.0;25.0;12034.0;10.0;12037.0;25.0;;;12027.5;0.0
0;27700;ASH_COATED_OSMIUM;9993.0;10.0;;;;;10009.0;10.0;10011.0;20.0;10012.0;22.0;10001.0;0.0
0;27700;INTARIAN_PEPPER_ROOT;12021.0;8.0;12020.0;8.0;12020.0;25.0;12034.0;8.0;12037.0;25.0;;;12027.5;0.0
0;27800;ASH_COATED_OSMIUM;9992.0;15.0;9990.0;22.0;;;;;;;;;9992.0;0.0
0;27800;INTARIAN_PEPPER_ROOT;12021.0;10.0;12020.0;17.0;12018.0;17.0;12034.0;10.0;12037.0;17.0;;;12027.5;0.0
0;27900;ASH_COATED_OSMIUM;9992.0;14.0;9991.0;10.0;9990.0;22.0;10008.0;14.0;10010.0;20.0;10011.0;22.0;10000.0;0.0
0;27900;INTARIAN_PEPPER_ROOT;12021.0;9.0;12019.0;9.0;12018.0;18.0;12037.0;18.0;;;;;12029.0;0.0
0;28000;ASH_COATED_OSMIUM;10002.0;4.0;9997.0;10.0;9990.0;26.0;10008.0;15.0;;;;;10005.0;0.0
0;28000;INTARIAN_PEPPER_ROOT;12018.0;23.0;;;;;12035.0;12.0;12036.0;17.0;12038.0;23.0;12026.5;0.0
0;28100;ASH_COATED_OSMIUM;9992.0;11.0;9991.0;29.0;9989.0;22.0;10008.0;11.0;10010.0;22.0;;;10000.0;0.0
0;28100;INTARIAN_PEPPER_ROOT;12022.0;10.0;12021.0;11.0;12019.0;20.0;12035.0;10.0;12037.0;25.0;12038.0;20.0;12028.5;0.0
0;28200;ASH_COATED_OSMIUM;9993.0;11.0;9991.0;30.0;9990.0;23.0;10009.0;11.0;10011.0;23.0;;;10001.0;0.0
0;28200;INTARIAN_PEPPER_ROOT;12022.0;12.0;;;;;12035.0;12.0;12037.0;23.0;12038.0;22.0;12028.5;0.0
0;28300;ASH_COATED_OSMIUM;9993.0;13.0;9991.0;11.0;9990.0;21.0;10009.0;13.0;10010.0;27.0;10011.0;21.0;10001.0;0.0
0;28300;INTARIAN_PEPPER_ROOT;12022.0;8.0;12020.0;20.0;12019.0;25.0;12035.0;8.0;12038.0;25.0;;;12028.5;0.0
0;28400;ASH_COATED_OSMIUM;9990.0;21.0;;;;;10009.0;10.0;;;;;9999.5;0.0
0;28400;INTARIAN_PEPPER_ROOT;12019.0;16.0;;;;;12035.0;10.0;12037.0;11.0;12038.0;16.0;12027.0;0.0
0;28500;ASH_COATED_OSMIUM;;;;;;;10002.0;5.0;10007.0;11.0;10009.0;11.0;10002.0;0.0
0;28500;INTARIAN_PEPPER_ROOT;12022.0;11.0;12020.0;18.0;12019.0;21.0;12035.0;11.0;12038.0;21.0;;;12028.5;0.0
0;28600;ASH_COATED_OSMIUM;9990.0;28.0;;;;;10009.0;15.0;10010.0;29.0;10011.0;28.0;9999.5;0.0
0;28600;INTARIAN_PEPPER_ROOT;12022.0;10.0;12020.0;9.0;12019.0;17.0;12035.0;10.0;12037.0;12.0;12038.0;17.0;12028.5;0.0
0;28700;ASH_COATED_OSMIUM;9994.0;11.0;9993.0;24.0;9991.0;27.0;10010.0;11.0;10012.0;27.0;;;10002.0;0.0
0;28700;INTARIAN_PEPPER_ROOT;12026.0;11.0;12024.0;10.0;12022.0;10.0;12035.0;10.0;12037.0;20.0;12038.0;19.0;12030.5;0.0
0;28800;ASH_COATED_OSMIUM;9993.0;15.0;9992.0;23.0;9991.0;30.0;10009.0;15.0;10012.0;30.0;;;10001.0;0.0
0;28800;INTARIAN_PEPPER_ROOT;12022.0;11.0;12021.0;9.0;12019.0;16.0;12035.0;11.0;12036.0;22.0;12038.0;16.0;12028.5;0.0
0;28900;ASH_COATED_OSMIUM;9993.0;14.0;9992.0;10.0;9991.0;23.0;10009.0;14.0;10011.0;23.0;10012.0;23.0;10001.0;0.0
0;28900;INTARIAN_PEPPER_ROOT;;;;;;;12035.0;12.0;12036.0;12.0;12038.0;23.0;12035.0;0.0
0;29000;ASH_COATED_OSMIUM;9993.0;10.0;9992.0;29.0;9991.0;25.0;10012.0;25.0;;;;;10002.5;0.0
0;29000;INTARIAN_PEPPER_ROOT;12022.0;11.0;12020.0;11.0;12019.0;19.0;12036.0;11.0;12037.0;11.0;12039.0;19.0;12029.0;0.0
0;29100;ASH_COATED_OSMIUM;;;;;;;10009.0;11.0;10010.0;27.0;10011.0;30.0;10009.0;0.0
0;29100;INTARIAN_PEPPER_ROOT;12023.0;9.0;12022.0;11.0;12020.0;25.0;12039.0;25.0;;;;;12031.0;0.0
0;29200;ASH_COATED_OSMIUM;9993.0;14.0;9991.0;12.0;9990.0;20.0;10009.0;14.0;10010.0;27.0;10011.0;20.0;10001.0;0.0
0;29200;INTARIAN_PEPPER_ROOT;;;;;;;12036.0;10.0;12037.0;9.0;12039.0;24.0;12036.0;0.0
0;29300;ASH_COATED_OSMIUM;9993.0;11.0;9991.0;11.0;9990.0;21.0;10009.0;11.0;10010.0;22.0;10011.0;21.0;10001.0;0.0
0;29300;INTARIAN_PEPPER_ROOT;12023.0;10.0;12021.0;16.0;12020.0;21.0;12036.0;10.0;12039.0;21.0;;;12029.5;0.0
0;29400;ASH_COATED_OSMIUM;9993.0;15.0;9991.0;14.0;9990.0;24.0;10009.0;15.0;10010.0;11.0;10011.0;24.0;10001.0;0.0
0;29400;INTARIAN_PEPPER_ROOT;12023.0;12.0;12021.0;11.0;12020.0;21.0;12036.0;12.0;12037.0;24.0;12039.0;21.0;12029.5;0.0
0;29500;ASH_COATED_OSMIUM;9993.0;14.0;9991.0;11.0;9990.0;23.0;10009.0;14.0;10010.0;2.0;10010.0;30.0;10001.0;0.0
0;29500;INTARIAN_PEPPER_ROOT;;;;;;;12036.0;11.0;12037.0;20.0;12039.0;15.0;12036.0;0.0
0;29600;ASH_COATED_OSMIUM;9993.0;10.0;;;;;10011.0;27.0;;;;;10002.0;0.0
0;29600;INTARIAN_PEPPER_ROOT;12023.0;8.0;12021.0;19.0;12020.0;18.0;12036.0;8.0;12039.0;18.0;;;12029.5;0.0
0;29700;ASH_COATED_OSMIUM;9992.0;12.0;9991.0;11.0;9990.0;29.0;10008.0;12.0;10009.0;15.0;10011.0;29.0;10000.0;0.0
0;29700;INTARIAN_PEPPER_ROOT;12023.0;10.0;12022.0;22.0;12020.0;19.0;12036.0;10.0;12039.0;19.0;;;12029.5;0.0
0;29800;ASH_COATED_OSMIUM;;;;;;;10009.0;15.0;10011.0;23.0;;;10009.0;0.0
0;29800;INTARIAN_PEPPER_ROOT;12023.0;10.0;12022.0;8.0;12021.0;8.0;12036.0;10.0;12037.0;12.0;12039.0;25.0;12029.5;0.0
0;29900;ASH_COATED_OSMIUM;9993.0;12.0;9991.0;25.0;9990.0;25.0;10009.0;12.0;10011.0;25.0;;;10001.0;0.0
0;29900;INTARIAN_PEPPER_ROOT;12023.0;11.0;12022.0;12.0;12020.0;20.0;12036.0;11.0;12038.0;23.0;12039.0;20.0;12029.5;0.0
0;30000;ASH_COATED_OSMIUM;9990.0;26.0;;;;;10009.0;13.0;10010.0;10.0;10011.0;26.0;9999.5;0.0
0;30000;INTARIAN_PEPPER_ROOT;12023.0;11.0;;;;;12032.0;11.0;12036.0;16.0;12037.0;11.0;12027.5;0.0
0;30100;ASH_COATED_OSMIUM;9993.0;13.0;9992.0;20.0;9991.0;28.0;10009.0;13.0;10011.0;15.0;10012.0;28.0;10001.0;0.0
0;30100;INTARIAN_PEPPER_ROOT;12024.0;12.0;12023.0;25.0;12021.0;20.0;12037.0;12.0;12040.0;20.0;;;12030.5;0.0
0;30200;ASH_COATED_OSMIUM;9993.0;13.0;;;;;10009.0;13.0;10011.0;22.0;10012.0;24.0;10001.0;0.0
0;30200;INTARIAN_PEPPER_ROOT;12024.0;12.0;12022.0;18.0;12021.0;20.0;12037.0;12.0;12040.0;20.0;;;12030.5;0.0
0;30300;ASH_COATED_OSMIUM;9993.0;13.0;9992.0;10.0;9991.0;23.0;10012.0;23.0;;;;;10002.5;0.0
0;30300;INTARIAN_PEPPER_ROOT;12024.0;11.0;12023.0;17.0;12021.0;25.0;12037.0;11.0;;;;;12030.5;0.0
0;30400;ASH_COATED_OSMIUM;;;;;;;10009.0;15.0;10010.0;23.0;10011.0;24.0;10009.0;0.0
0;30400;INTARIAN_PEPPER_ROOT;12024.0;11.0;;;;;12037.0;11.0;12039.0;10.0;12040.0;25.0;12030.5;0.0
0;30500;ASH_COATED_OSMIUM;9990.0;20.0;;;;;10009.0;12.0;10010.0;27.0;10011.0;20.0;9999.5;0.0
0;30500;INTARIAN_PEPPER_ROOT;12024.0;10.0;12023.0;15.0;12021.0;18.0;12037.0;10.0;12040.0;18.0;;;12030.5;0.0
0;30600;ASH_COATED_OSMIUM;9993.0;13.0;;;;;10009.0;13.0;10010.0;13.0;10011.0;25.0;10001.0;0.0
0;30600;INTARIAN_PEPPER_ROOT;12024.0;8.0;;;;;12037.0;8.0;12038.0;10.0;12040.0;17.0;12030.5;0.0
0;30700;ASH_COATED_OSMIUM;9993.0;15.0;9992.0;14.0;9990.0;24.0;10011.0;24.0;;;;;10002.0;0.0
0;30700;INTARIAN_PEPPER_ROOT;12024.0;10.0;12022.0;11.0;12021.0;19.0;12037.0;10.0;12039.0;10.0;12040.0;19.0;12030.5;0.0
0;30800;ASH_COATED_OSMIUM;9993.0;13.0;9991.0;11.0;9990.0;29.0;10009.0;13.0;;;;;10001.0;0.0
0;30800;INTARIAN_PEPPER_ROOT;12024.0;8.0;12022.0;11.0;12021.0;21.0;12037.0;8.0;12038.0;25.0;12040.0;21.0;12030.5;0.0
0;30900;ASH_COATED_OSMIUM;9993.0;14.0;9992.0;21.0;9990.0;24.0;10009.0;14.0;10011.0;24.0;;;10001.0;0.0
0;30900;INTARIAN_PEPPER_ROOT;12021.0;22.0;;;;;12037.0;11.0;12039.0;19.0;12040.0;22.0;12029.0;0.0
0;31000;ASH_COATED_OSMIUM;9993.0;14.0;9991.0;10.0;9991.0;13.0;10009.0;14.0;10011.0;30.0;;;10001.0;0.0
0;31000;INTARIAN_PEPPER_ROOT;12024.0;8.0;12022.0;23.0;12021.0;23.0;12038.0;8.0;12041.0;23.0;;;12031.0;0.0
0;31100;ASH_COATED_OSMIUM;9992.0;13.0;9991.0;29.0;9990.0;26.0;10008.0;13.0;10011.0;26.0;;;10000.0;0.0
0;31100;INTARIAN_PEPPER_ROOT;12025.0;11.0;12023.0;21.0;12022.0;17.0;12038.0;11.0;12041.0;17.0;;;12031.5;0.0
0;31200;ASH_COATED_OSMIUM;9990.0;26.0;;;;;10009.0;15.0;10010.0;21.0;10011.0;26.0;9999.5;0.0
0;31200;INTARIAN_PEPPER_ROOT;12022.0;25.0;;;;;12038.0;12.0;12039.0;22.0;12041.0;25.0;12030.0;0.0
0;31300;ASH_COATED_OSMIUM;9993.0;15.0;;;;;10009.0;15.0;10011.0;26.0;;;10001.0;0.0
0;31300;INTARIAN_PEPPER_ROOT;12025.0;11.0;12024.0;15.0;12022.0;23.0;12038.0;11.0;;;;;12031.5;0.0
0;31400;ASH_COATED_OSMIUM;9993.0;12.0;9992.0;10.0;9990.0;23.0;10009.0;12.0;10010.0;10.0;10011.0;23.0;10001.0;0.0
0;31400;INTARIAN_PEPPER_ROOT;;;;;;;12038.0;12.0;12040.0;9.0;12041.0;22.0;12038.0;0.0
0;31500;ASH_COATED_OSMIUM;9993.0;12.0;9991.0;12.0;9990.0;26.0;10009.0;12.0;10010.0;24.0;10011.0;26.0;10001.0;0.0
0;31500;INTARIAN_PEPPER_ROOT;12025.0;9.0;12024.0;8.0;12022.0;15.0;12038.0;9.0;12040.0;22.0;12041.0;15.0;12031.5;0.0
0;31600;ASH_COATED_OSMIUM;9993.0;12.0;9991.0;22.0;9990.0;20.0;10009.0;12.0;;;;;10001.0;0.0
0;31600;INTARIAN_PEPPER_ROOT;12025.0;12.0;12023.0;25.0;12022.0;21.0;12038.0;12.0;12041.0;21.0;;;12031.5;0.0
0;31700;ASH_COATED_OSMIUM;9993.0;14.0;9991.0;11.0;9990.0;20.0;10009.0;14.0;10010.0;23.0;10011.0;20.0;10001.0;0.0
0;31700;INTARIAN_PEPPER_ROOT;12022.0;21.0;;;;;12038.0;11.0;12039.0;17.0;12041.0;21.0;12030.0;0.0
0;31800;ASH_COATED_OSMIUM;9993.0;10.0;9991.0;15.0;9990.0;29.0;10009.0;10.0;10010.0;10.0;10011.0;29.0;10001.0;0.0
0;31800;INTARIAN_PEPPER_ROOT;12025.0;10.0;12023.0;15.0;12022.0;21.0;12041.0;21.0;;;;;12033.0;0.0
0;31900;ASH_COATED_OSMIUM;9990.0;27.0;;;;;10009.0;10.0;;;;;9999.5;0.0
0;31900;INTARIAN_PEPPER_ROOT;12025.0;10.0;12023.0;8.0;12022.0;18.0;12038.0;10.0;12040.0;12.0;12041.0;18.0;12031.5;0.0
0;32000;ASH_COATED_OSMIUM;9990.0;27.0;;;;;10009.0;11.0;;;;;9999.5;0.0
0;32000;INTARIAN_PEPPER_ROOT;12022.0;22.0;;;;;12039.0;8.0;;;;;12030.5;0.0
0;32100;ASH_COATED_OSMIUM;9993.0;13.0;9992.0;21.0;9991.0;20.0;10009.0;13.0;10012.0;20.0;;;10001.0;0.0
0;32100;INTARIAN_PEPPER_ROOT;12026.0;8.0;12024.0;9.0;12023.0;23.0;12039.0;8.0;;;;;12032.5;0.0
0;32200;ASH_COATED_OSMIUM;9994.0;12.0;9992.0;23.0;9991.0;20.0;10010.0;12.0;10012.0;20.0;;;10002.0;0.0
0;32200;INTARIAN_PEPPER_ROOT;12026.0;10.0;;;;;12039.0;10.0;12040.0;18.0;12042.0;21.0;12032.5;0.0
0;32300;ASH_COATED_OSMIUM;9991.0;27.0;;;;;10012.0;27.0;;;;;10001.5;0.0
0;32300;INTARIAN_PEPPER_ROOT;12026.0;12.0;;;;;12039.0;12.0;;;;;12032.5;0.0
0;32400;ASH_COATED_OSMIUM;9991.0;28.0;;;;;10012.0;28.0;;;;;10001.5;0.0
0;32400;INTARIAN_PEPPER_ROOT;12026.0;8.0;;;;;12039.0;8.0;12040.0;4.0;12042.0;22.0;12032.5;0.0
0;32500;ASH_COATED_OSMIUM;9993.0;15.0;9992.0;22.0;9990.0;29.0;10009.0;15.0;10011.0;29.0;;;10001.0;0.0
0;32500;INTARIAN_PEPPER_ROOT;12036.0;4.0;12034.0;8.0;12023.0;19.0;12039.0;9.0;12040.0;12.0;12042.0;19.0;12037.5;0.0
0;32600;ASH_COATED_OSMIUM;9993.0;14.0;9992.0;20.0;9990.0;23.0;;;;;;;9993.0;0.0
0;32600;INTARIAN_PEPPER_ROOT;12026.0;8.0;12025.0;25.0;12023.0;19.0;12039.0;8.0;12042.0;19.0;;;12032.5;0.0
0;32700;ASH_COATED_OSMIUM;9992.0;11.0;;;;;10008.0;11.0;10010.0;15.0;10011.0;21.0;10000.0;0.0
0;32700;INTARIAN_PEPPER_ROOT;12023.0;25.0;;;;;12039.0;9.0;12040.0;23.0;12042.0;25.0;12031.0;0.0
0;32800;ASH_COATED_OSMIUM;9992.0;12.0;9991.0;25.0;9990.0;24.0;9998.0;9.0;10008.0;12.0;10011.0;24.0;9995.0;0.0
0;32800;INTARIAN_PEPPER_ROOT;12026.0;11.0;12025.0;23.0;12023.0;24.0;12039.0;11.0;;;;;12032.5;0.0
0;32900;ASH_COATED_OSMIUM;9992.0;10.0;9991.0;29.0;9990.0;28.0;10008.0;10.0;;;;;10000.0;0.0
0;32900;INTARIAN_PEPPER_ROOT;12026.0;10.0;12025.0;18.0;12023.0;16.0;12039.0;10.0;12042.0;16.0;;;12032.5;0.0
0;33000;ASH_COATED_OSMIUM;;;;;;;10011.0;22.0;;;;;10011.0;0.0
0;33000;INTARIAN_PEPPER_ROOT;12026.0;9.0;;;;;12040.0;9.0;12042.0;11.0;12043.0;21.0;12033.0;0.0
0;33100;ASH_COATED_OSMIUM;9992.0;10.0;9991.0;25.0;9990.0;21.0;10008.0;10.0;10011.0;21.0;;;10000.0;0.0
0;33100;INTARIAN_PEPPER_ROOT;12027.0;11.0;12026.0;11.0;12024.0;25.0;12043.0;25.0;;;;;12035.0;0.0
0;33200;ASH_COATED_OSMIUM;9992.0;12.0;;;;;10008.0;12.0;10009.0;12.0;10010.0;20.0;10000.0;0.0
0;33200;INTARIAN_PEPPER_ROOT;12027.0;9.0;12024.0;17.0;;;12040.0;9.0;;;;;12033.5;0.0
0;33300;ASH_COATED_OSMIUM;;;;;;;10008.0;13.0;10009.0;27.0;10011.0;25.0;10008.0;0.0
0;33300;INTARIAN_PEPPER_ROOT;12036.0;7.0;12028.0;11.0;12027.0;8.0;12040.0;8.0;;;;;12038.0;0.0
0;33400;ASH_COATED_OSMIUM;9993.0;13.0;;;;;10009.0;13.0;10010.0;30.0;10011.0;20.0;10001.0;0.0
0;33400;INTARIAN_PEPPER_ROOT;12027.0;9.0;12025.0;3.0;12025.0;8.0;12040.0;9.0;12041.0;16.0;12043.0;23.0;12033.5;0.0
0;33500;ASH_COATED_OSMIUM;9993.0;14.0;9992.0;14.0;9990.0;25.0;10011.0;25.0;;;;;10002.0;0.0
0;33500;INTARIAN_PEPPER_ROOT;12024.0;18.0;;;;;12040.0;8.0;;;;;12032.0;0.0
0;33600;ASH_COATED_OSMIUM;9993.0;10.0;9992.0;12.0;9991.0;26.0;;;;;;;9993.0;0.0
0;33600;INTARIAN_PEPPER_ROOT;12027.0;11.0;;;;;12036.0;12.0;12040.0;11.0;12042.0;17.0;12031.5;0.0
0;33700;ASH_COATED_OSMIUM;9991.0;27.0;;;;;10009.0;13.0;10010.0;15.0;10011.0;10.0;10000.0;0.0
0;33700;INTARIAN_PEPPER_ROOT;12027.0;10.0;12025.0;8.0;12024.0;19.0;12040.0;10.0;12041.0;10.0;12043.0;19.0;12033.5;0.0
0;33800;ASH_COATED_OSMIUM;9991.0;24.0;;;;;10010.0;12.0;10012.0;24.0;;;10000.5;0.0
0;33800;INTARIAN_PEPPER_ROOT;12027.0;9.0;12025.0;7.0;12025.0;11.0;12040.0;9.0;12043.0;22.0;;;12033.5;0.0
0;33900;ASH_COATED_OSMIUM;9992.0;20.0;;;;;10010.0;10.0;10011.0;10.0;10011.0;25.0;10001.0;0.0
0;33900;INTARIAN_PEPPER_ROOT;12027.0;10.0;;;;;12040.0;10.0;12043.0;15.0;;;12033.5;0.0
0;34000;ASH_COATED_OSMIUM;9994.0;11.0;9992.0;11.0;9991.0;25.0;10010.0;11.0;;;;;10002.0;0.0
0;34000;INTARIAN_PEPPER_ROOT;12027.0;8.0;;;;;12041.0;8.0;12042.0;11.0;12044.0;20.0;12034.0;0.0
0;34100;ASH_COATED_OSMIUM;9994.0;13.0;9993.0;21.0;9991.0;29.0;10012.0;29.0;;;;;10003.0;0.0
0;34100;INTARIAN_PEPPER_ROOT;12028.0;11.0;12026.0;9.0;12025.0;25.0;12041.0;11.0;;;;;12034.5;0.0
0;34200;ASH_COATED_OSMIUM;9993.0;14.0;;;;;10009.0;14.0;10010.0;12.0;10010.0;15.0;10001.0;0.0
0;34200;INTARIAN_PEPPER_ROOT;12028.0;12.0;12026.0;10.0;12025.0;16.0;12041.0;12.0;12043.0;9.0;12044.0;16.0;12034.5;0.0
0;34300;ASH_COATED_OSMIUM;9993.0;10.0;9992.0;4.0;9992.0;15.0;10009.0;10.0;10010.0;26.0;10011.0;30.0;10001.0;0.0
0;34300;INTARIAN_PEPPER_ROOT;12025.0;23.0;;;;;12044.0;23.0;;;;;12034.5;0.0
0;34400;ASH_COATED_OSMIUM;9993.0;15.0;9991.0;14.0;9990.0;25.0;10009.0;15.0;;;;;10001.0;0.0
0;34400;INTARIAN_PEPPER_ROOT;12028.0;8.0;12025.0;15.0;;;12041.0;8.0;;;;;12034.5;0.0
0;34500;ASH_COATED_OSMIUM;9993.0;15.0;9992.0;10.0;9991.0;21.0;;;;;;;9993.0;0.0
0;34500;INTARIAN_PEPPER_ROOT;;;;;;;12041.0;8.0;12042.0;24.0;12044.0;19.0;12041.0;0.0
0;34600;ASH_COATED_OSMIUM;9993.0;10.0;9992.0;10.0;9991.0;20.0;10009.0;10.0;;;;;10001.0;0.0
0;34600;INTARIAN_PEPPER_ROOT;;;;;;;12041.0;12.0;;;;;12041.0;0.0
0;34700;ASH_COATED_OSMIUM;9993.0;15.0;;;;;10009.0;15.0;10010.0;12.0;10010.0;27.0;10001.0;0.0
0;34700;INTARIAN_PEPPER_ROOT;12028.0;9.0;12026.0;9.0;12025.0;16.0;12041.0;9.0;12042.0;9.0;12044.0;16.0;12034.5;0.0
0;34800;ASH_COATED_OSMIUM;9993.0;15.0;9992.0;12.0;9991.0;27.0;10009.0;15.0;;;;;10001.0;0.0
0;34800;INTARIAN_PEPPER_ROOT;12025.0;18.0;;;;;12041.0;8.0;12043.0;11.0;12044.0;18.0;12033.0;0.0
0;34900;ASH_COATED_OSMIUM;9993.0;12.0;9992.0;15.0;9991.0;26.0;10009.0;12.0;10011.0;12.0;10012.0;26.0;10001.0;0.0
0;34900;INTARIAN_PEPPER_ROOT;12028.0;9.0;12027.0;9.0;12025.0;19.0;12041.0;9.0;12043.0;12.0;12044.0;19.0;12034.5;0.0
0;35000;ASH_COATED_OSMIUM;9993.0;13.0;9991.0;14.0;9990.0;24.0;10009.0;13.0;10010.0;27.0;10011.0;24.0;10001.0;0.0
0;35000;INTARIAN_PEPPER_ROOT;;;;;;;;;;;;;0.0;0.0
0;35100;ASH_COATED_OSMIUM;9991.0;20.0;;;;;10009.0;11.0;10012.0;20.0;;;10000.0;0.0
0;35100;INTARIAN_PEPPER_ROOT;12029.0;9.0;12027.0;12.0;12026.0;25.0;12042.0;9.0;12043.0;10.0;12045.0;25.0;12035.5;0.0
0;35200;ASH_COATED_OSMIUM;9993.0;14.0;9992.0;27.0;9991.0;20.0;10009.0;14.0;10012.0;20.0;;;10001.0;0.0
0;35200;INTARIAN_PEPPER_ROOT;12026.0;15.0;;;;;12042.0;12.0;;;;;12034.0;0.0
0;35300;ASH_COATED_OSMIUM;9991.0;30.0;;;;;10009.0;15.0;10010.0;21.0;10012.0;30.0;10000.0;0.0
0;35300;INTARIAN_PEPPER_ROOT;12026.0;25.0;;;;;12042.0;8.0;12043.0;9.0;12044.0;25.0;12034.0;0.0
0;35400;ASH_COATED_OSMIUM;9991.0;25.0;;;;;10010.0;12.0;10011.0;10.0;10011.0;10.0;10000.5;0.0
0;35400;INTARIAN_PEPPER_ROOT;12026.0;20.0;;;;;12045.0;20.0;;;;;12035.5;0.0
0;35500;ASH_COATED_OSMIUM;9993.0;13.0;9992.0;10.0;9991.0;20.0;10009.0;13.0;10011.0;26.0;10012.0;20.0;10001.0;0.0
0;35500;INTARIAN_PEPPER_ROOT;;;;;;;12042.0;8.0;12043.0;11.0;12045.0;21.0;12042.0;0.0
0;35600;ASH_COATED_OSMIUM;9993.0;13.0;9992.0;24.0;9991.0;20.0;10009.0;13.0;10012.0;20.0;;;10001.0;0.0
0;35600;INTARIAN_PEPPER_ROOT;12029.0;8.0;12028.0;5.0;12028.0;15.0;12042.0;8.0;12045.0;18.0;;;12035.5;0.0
0;35700;ASH_COATED_OSMIUM;9993.0;11.0;;;;;10009.0;11.0;10010.0;27.0;10012.0;22.0;10001.0;0.0
0;35700;INTARIAN_PEPPER_ROOT;12039.0;3.0;12029.0;9.0;12027.0;25.0;12045.0;20.0;;;;;12042.0;0.0
0;35800;ASH_COATED_OSMIUM;9993.0;10.0;9992.0;29.0;9991.0;26.0;10009.0;10.0;;;;;10001.0;0.0
0;35800;INTARIAN_PEPPER_ROOT;;;;;;;12032.0;7.0;12042.0;9.0;12044.0;8.0;12032.0;0.0
0;35900;ASH_COATED_OSMIUM;9993.0;11.0;9992.0;23.0;9991.0;20.0;10009.0;11.0;10012.0;20.0;;;10001.0;0.0
0;35900;INTARIAN_PEPPER_ROOT;12029.0;11.0;12027.0;21.0;12026.0;20.0;12045.0;20.0;;;;;12037.0;0.0
0;36000;ASH_COATED_OSMIUM;9993.0;14.0;9992.0;13.0;9991.0;24.0;10009.0;14.0;10010.0;25.0;10012.0;24.0;10001.0;0.0
0;36000;INTARIAN_PEPPER_ROOT;12029.0;9.0;;;;;12043.0;9.0;12044.0;9.0;12046.0;15.0;12036.0;0.0
0;36100;ASH_COATED_OSMIUM;9991.0;27.0;;;;;10009.0;15.0;10010.0;22.0;10012.0;27.0;10000.0;0.0
0;36100;INTARIAN_PEPPER_ROOT;12039.0;4.0;12030.0;11.0;12029.0;9.0;12043.0;11.0;12045.0;9.0;12046.0;22.0;12041.0;0.0
0;36200;ASH_COATED_OSMIUM;9993.0;15.0;9992.0;23.0;9991.0;29.0;10009.0;15.0;;;;;10001.0;0.0
0;36200;INTARIAN_PEPPER_ROOT;12030.0;10.0;12029.0;19.0;12027.0;17.0;12043.0;10.0;12046.0;17.0;;;12036.5;0.0
0;36300;ASH_COATED_OSMIUM;;;;;;;10011.0;20.0;;;;;10011.0;0.0
0;36300;INTARIAN_PEPPER_ROOT;12030.0;10.0;12027.0;16.0;;;;;;;;;12030.0;0.0
0;36400;ASH_COATED_OSMIUM;;;;;;;10008.0;12.0;10010.0;29.0;10011.0;25.0;10008.0;0.0
0;36400;INTARIAN_PEPPER_ROOT;12030.0;9.0;;;;;12043.0;9.0;12044.0;17.0;12045.0;8.0;12036.5;0.0
0;36500;ASH_COATED_OSMIUM;9992.0;15.0;9991.0;15.0;9989.0;21.0;10010.0;21.0;;;;;10001.0;0.0
0;36500;INTARIAN_PEPPER_ROOT;12030.0;8.0;12028.0;10.0;12027.0;17.0;12043.0;8.0;;;;;12036.5;0.0
0;36600;ASH_COATED_OSMIUM;9992.0;15.0;9991.0;10.0;9989.0;23.0;10008.0;15.0;10009.0;21.0;10010.0;23.0;10000.0;0.0
0;36600;INTARIAN_PEPPER_ROOT;12030.0;10.0;12029.0;24.0;12027.0;19.0;12043.0;10.0;12046.0;19.0;;;12036.5;0.0
0;36700;ASH_COATED_OSMIUM;9992.0;12.0;9991.0;11.0;9989.0;27.0;10008.0;12.0;;;;;10000.0;0.0
0;36700;INTARIAN_PEPPER_ROOT;12030.0;11.0;12028.0;10.0;12027.0;20.0;12043.0;11.0;12045.0;19.0;12046.0;20.0;12036.5;0.0
0;36800;ASH_COATED_OSMIUM;9992.0;12.0;;;;;10008.0;12.0;10010.0;21.0;;;10000.0;0.0
0;36800;INTARIAN_PEPPER_ROOT;12030.0;11.0;12028.0;11.0;12027.0;15.0;12043.0;11.0;;;;;12036.5;0.0
0;36900;ASH_COATED_OSMIUM;9992.0;11.0;;;;;10008.0;11.0;10009.0;15.0;10010.0;23.0;10000.0;0.0
0;36900;INTARIAN_PEPPER_ROOT;12030.0;10.0;;;;;12043.0;10.0;12045.0;8.0;12046.0;17.0;12036.5;0.0
0;37000;ASH_COATED_OSMIUM;9992.0;11.0;9991.0;13.0;9990.0;28.0;10008.0;11.0;10009.0;26.0;10011.0;28.0;10000.0;0.0
0;37000;INTARIAN_PEPPER_ROOT;12030.0;9.0;;;;;12044.0;9.0;12045.0;8.0;12046.0;8.0;12037.0;0.0
0;37100;ASH_COATED_OSMIUM;9992.0;14.0;9991.0;24.0;9990.0;23.0;10008.0;14.0;10011.0;23.0;;;10000.0;0.0
0;37100;INTARIAN_PEPPER_ROOT;12028.0;25.0;;;;;12047.0;25.0;;;;;12037.5;0.0
0;37200;ASH_COATED_OSMIUM;9989.0;24.0;;;;;10008.0;15.0;10009.0;28.0;10010.0;24.0;9998.5;0.0
0;37200;INTARIAN_PEPPER_ROOT;12031.0;10.0;;;;;12044.0;10.0;;;;;12037.5;0.0
0;37300;ASH_COATED_OSMIUM;9992.0;11.0;9991.0;14.0;9989.0;29.0;10008.0;11.0;;;;;10000.0;0.0
0;37300;INTARIAN_PEPPER_ROOT;12031.0;11.0;12029.0;10.0;12028.0;23.0;12047.0;23.0;;;;;12039.0;0.0
0;37400;ASH_COATED_OSMIUM;9990.0;20.0;;;;;10008.0;14.0;;;;;9999.0;0.0
0;37400;INTARIAN_PEPPER_ROOT;12031.0;11.0;12030.0;25.0;12028.0;20.0;12044.0;11.0;12047.0;20.0;;;12037.5;0.0
0;37500;ASH_COATED_OSMIUM;9992.0;15.0;9991.0;26.0;9990.0;22.0;10008.0;15.0;10011.0;22.0;;;10000.0;0.0
0;37500;INTARIAN_PEPPER_ROOT;12031.0;9.0;12029.0;8.0;12028.0;24.0;12044.0;9.0;;;;;12037.5;0.0
0;37600;ASH_COATED_OSMIUM;9990.0;24.0;;;;;10008.0;12.0;10010.0;15.0;10011.0;24.0;9999.0;0.0
0;37600;INTARIAN_PEPPER_ROOT;12028.0;22.0;;;;;12044.0;10.0;;;;;12036.0;0.0
0;37700;ASH_COATED_OSMIUM;9993.0;12.0;9991.0;26.0;9990.0;21.0;10009.0;12.0;10011.0;21.0;;;10001.0;0.0
0;37700;INTARIAN_PEPPER_ROOT;12031.0;12.0;12029.0;25.0;12028.0;17.0;12047.0;17.0;;;;;12039.0;0.0
0;37800;ASH_COATED_OSMIUM;10003.0;8.0;9998.0;22.0;9993.0;11.0;10009.0;11.0;10012.0;25.0;;;10006.0;0.0
0;37800;INTARIAN_PEPPER_ROOT;12031.0;8.0;12030.0;12.0;12028.0;23.0;12044.0;8.0;12046.0;8.0;12047.0;23.0;12037.5;0.0
0;37900;ASH_COATED_OSMIUM;9990.0;27.0;;;;;10008.0;11.0;10009.0;29.0;10011.0;27.0;9999.0;0.0
0;37900;INTARIAN_PEPPER_ROOT;12031.0;9.0;12029.0;12.0;12028.0;25.0;12044.0;9.0;;;;;12037.5;0.0
0;38000;ASH_COATED_OSMIUM;9993.0;13.0;9992.0;30.0;9990.0;24.0;10009.0;13.0;10011.0;24.0;;;10001.0;0.0
0;38000;INTARIAN_PEPPER_ROOT;12031.0;11.0;12030.0;10.0;12028.0;23.0;12045.0;11.0;12047.0;9.0;12048.0;23.0;12038.0;0.0
0;38100;ASH_COATED_OSMIUM;9993.0;14.0;9991.0;15.0;9990.0;27.0;10009.0;14.0;10010.0;14.0;10011.0;27.0;10001.0;0.0
0;38100;INTARIAN_PEPPER_ROOT;12032.0;12.0;12030.0;10.0;12029.0;23.0;12040.0;9.0;12044.0;10.0;12045.0;12.0;12036.0;0.0
0;38200;ASH_COATED_OSMIUM;9993.0;14.0;9992.0;14.0;9990.0;29.0;10009.0;14.0;;;;;10001.0;0.0
0;38200;INTARIAN_PEPPER_ROOT;12032.0;8.0;;;;;12045.0;8.0;;;;;12038.5;0.0
0;38300;ASH_COATED_OSMIUM;9993.0;14.0;9990.0;25.0;;;;;;;;;9993.0;0.0
0;38300;INTARIAN_PEPPER_ROOT;12032.0;9.0;12031.0;18.0;12029.0;21.0;12045.0;9.0;12048.0;21.0;;;12038.5;0.0
0;38400;ASH_COATED_OSMIUM;9990.0;25.0;;;;;10009.0;11.0;;;;;9999.5;0.0
0;38400;INTARIAN_PEPPER_ROOT;12032.0;11.0;12031.0;11.0;12029.0;23.0;12034.0;8.0;12045.0;11.0;12047.0;12.0;12033.0;0.0
0;38500;ASH_COATED_OSMIUM;9993.0;13.0;9992.0;13.0;9991.0;22.0;10009.0;13.0;;;;;10001.0;0.0
0;38500;INTARIAN_PEPPER_ROOT;12032.0;9.0;12031.0;12.0;12029.0;15.0;12045.0;9.0;12048.0;15.0;;;12038.5;0.0
0;38600;ASH_COATED_OSMIUM;9990.0;29.0;;;;;10009.0;10.0;;;;;9999.5;0.0
0;38600;INTARIAN_PEPPER_ROOT;12032.0;8.0;12031.0;12.0;12029.0;23.0;12045.0;8.0;12046.0;12.0;12048.0;23.0;12038.5;0.0
0;38700;ASH_COATED_OSMIUM;9992.0;10.0;9991.0;4.0;9991.0;14.0;10008.0;10.0;10011.0;26.0;;;10000.0;0.0
0;38700;INTARIAN_PEPPER_ROOT;12029.0;16.0;;;;;12045.0;12.0;12046.0;23.0;12048.0;16.0;12037.0;0.0
0;38800;ASH_COATED_OSMIUM;9990.0;21.0;;;;;10011.0;21.0;;;;;10000.5;0.0
0;38800;INTARIAN_PEPPER_ROOT;12029.0;18.0;;;;;12045.0;9.0;12046.0;11.0;12047.0;9.0;12037.0;0.0
0;38900;ASH_COATED_OSMIUM;9990.0;21.0;;;;;10011.0;21.0;;;;;10000.5;0.0
0;38900;INTARIAN_PEPPER_ROOT;12032.0;10.0;12029.0;16.0;;;;;;;;;12032.0;0.0
0;39000;ASH_COATED_OSMIUM;9992.0;11.0;9991.0;13.0;9990.0;29.0;10011.0;29.0;;;;;10001.5;0.0
0;39000;INTARIAN_PEPPER_ROOT;12032.0;8.0;;;;;;;;;;;12032.0;0.0
0;39100;ASH_COATED_OSMIUM;;;;;;;10009.0;10.0;10010.0;14.0;10011.0;21.0;10009.0;0.0
0;39100;INTARIAN_PEPPER_ROOT;12033.0;11.0;12031.0;15.0;12030.0;25.0;12046.0;11.0;12048.0;9.0;12049.0;25.0;12039.5;0.0
0;39200;ASH_COATED_OSMIUM;9993.0;13.0;9991.0;25.0;9990.0;21.0;10011.0;21.0;;;;;10002.0;0.0
0;39200;INTARIAN_PEPPER_ROOT;12033.0;12.0;12032.0;20.0;12030.0;23.0;12046.0;12.0;12049.0;23.0;;;12039.5;0.0
0;39300;ASH_COATED_OSMIUM;9993.0;12.0;9992.0;25.0;9990.0;21.0;10009.0;12.0;10011.0;21.0;;;10001.0;0.0
0;39300;INTARIAN_PEPPER_ROOT;12033.0;9.0;12031.0;9.0;12030.0;21.0;12046.0;9.0;12048.0;17.0;12049.0;21.0;12039.5;0.0
0;39400;ASH_COATED_OSMIUM;9993.0;14.0;9992.0;14.0;9990.0;25.0;10009.0;14.0;;;;;10001.0;0.0
0;39400;INTARIAN_PEPPER_ROOT;12033.0;8.0;12031.0;10.0;12030.0;25.0;;;;;;;12033.0;0.0
0;39500;ASH_COATED_OSMIUM;;;;;;;10009.0;13.0;10012.0;23.0;;;10009.0;0.0
0;39500;INTARIAN_PEPPER_ROOT;12033.0;10.0;12030.0;24.0;;;12046.0;10.0;;;;;12039.5;0.0
0;39600;ASH_COATED_OSMIUM;9993.0;14.0;;;;;10009.0;14.0;10010.0;24.0;10012.0;28.0;10001.0;0.0
0;39600;INTARIAN_PEPPER_ROOT;12033.0;8.0;12032.0;10.0;12030.0;24.0;12046.0;8.0;12048.0;9.0;12049.0;24.0;12039.5;0.0
0;39700;ASH_COATED_OSMIUM;9991.0;20.0;;;;;10009.0;14.0;10011.0;15.0;10012.0;20.0;10000.0;0.0
0;39700;INTARIAN_PEPPER_ROOT;12033.0;8.0;12031.0;15.0;12030.0;16.0;12046.0;8.0;12049.0;16.0;;;12039.5;0.0
0;39800;ASH_COATED_OSMIUM;9994.0;10.0;;;;;10012.0;26.0;;;;;10003.0;0.0
0;39800;INTARIAN_PEPPER_ROOT;12033.0;11.0;12032.0;18.0;12030.0;21.0;12046.0;11.0;12049.0;21.0;;;12039.5;0.0
0;39900;ASH_COATED_OSMIUM;9994.0;10.0;9992.0;14.0;9991.0;24.0;10010.0;10.0;10011.0;11.0;10012.0;24.0;10002.0;0.0
0;39900;INTARIAN_PEPPER_ROOT;12033.0;11.0;;;;;12046.0;11.0;12047.0;12.0;12049.0;23.0;12039.5;0.0
0;40000;ASH_COATED_OSMIUM;9991.0;29.0;;;;;10009.0;15.0;10011.0;24.0;10012.0;29.0;10000.0;0.0
0;40000;INTARIAN_PEPPER_ROOT;12033.0;10.0;12031.0;9.0;12030.0;19.0;12047.0;10.0;12049.0;22.0;12050.0;19.0;12040.0;0.0
0;40100;ASH_COATED_OSMIUM;9991.0;30.0;;;;;10010.0;14.0;10011.0;21.0;10012.0;30.0;10000.5;0.0
0;40100;INTARIAN_PEPPER_ROOT;12031.0;17.0;;;;;12047.0;12.0;12048.0;9.0;12048.0;9.0;12039.0;0.0
0;40200;ASH_COATED_OSMIUM;9994.0;13.0;9993.0;23.0;9991.0;20.0;10010.0;13.0;10012.0;20.0;;;10002.0;0.0
0;40200;INTARIAN_PEPPER_ROOT;12034.0;8.0;12033.0;9.0;12031.0;19.0;12047.0;8.0;12049.0;8.0;12050.0;19.0;12040.5;0.0
0;40300;ASH_COATED_OSMIUM;9994.0;10.0;;;;;10010.0;10.0;10011.0;14.0;10012.0;30.0;10002.0;0.0
0;40300;INTARIAN_PEPPER_ROOT;12031.0;22.0;;;;;12047.0;9.0;;;;;12039.0;0.0
0;40400;ASH_COATED_OSMIUM;9993.0;10.0;9992.0;24.0;9991.0;22.0;10009.0;10.0;;;;;10001.0;0.0
0;40400;INTARIAN_PEPPER_ROOT;12037.0;8.0;12033.0;21.0;12031.0;19.0;12047.0;8.0;12050.0;19.0;;;12042.0;0.0
0;40500;ASH_COATED_OSMIUM;;;;;;;10009.0;14.0;10010.0;10.0;10011.0;20.0;10009.0;0.0
0;40500;INTARIAN_PEPPER_ROOT;12034.0;9.0;12032.0;11.0;12031.0;17.0;;;;;;;12034.0;0.0
0;40600;ASH_COATED_OSMIUM;9993.0;15.0;9991.0;15.0;9990.0;27.0;10009.0;15.0;10010.0;28.0;10011.0;27.0;10001.0;0.0
0;40600;INTARIAN_PEPPER_ROOT;12034.0;11.0;12032.0;25.0;12031.0;18.0;12047.0;11.0;12050.0;18.0;;;12040.5;0.0
0;40700;ASH_COATED_OSMIUM;9993.0;10.0;;;;;10009.0;10.0;10010.0;15.0;10011.0;20.0;10001.0;0.0
0;40700;INTARIAN_PEPPER_ROOT;12034.0;8.0;;;;;12047.0;8.0;12048.0;21.0;12050.0;18.0;12040.5;0.0
0;40800;ASH_COATED_OSMIUM;9993.0;12.0;9991.0;12.0;9990.0;24.0;10009.0;12.0;10010.0;29.0;10011.0;24.0;10001.0;0.0
0;40800;INTARIAN_PEPPER_ROOT;12034.0;11.0;12032.0;12.0;12031.0;25.0;12047.0;11.0;12049.0;19.0;12050.0;25.0;12040.5;0.0
0;40900;ASH_COATED_OSMIUM;9990.0;20.0;;;;;10011.0;20.0;;;;;10000.5;0.0
0;40900;INTARIAN_PEPPER_ROOT;12034.0;8.0;;;;;12047.0;8.0;12050.0;17.0;;;12040.5;0.0
0;41000;ASH_COATED_OSMIUM;9993.0;13.0;9992.0;20.0;9990.0;27.0;10009.0;13.0;;;;;10001.0;0.0
0;41000;INTARIAN_PEPPER_ROOT;12034.0;11.0;12032.0;8.0;12032.0;5.0;12048.0;11.0;12050.0;9.0;12051.0;23.0;12041.0;0.0
0;41100;ASH_COATED_OSMIUM;9990.0;21.0;;;;;10009.0;13.0;10010.0;14.0;10011.0;21.0;9999.5;0.0
0;41100;INTARIAN_PEPPER_ROOT;12035.0;9.0;12034.0;8.0;12032.0;18.0;12048.0;9.0;;;;;12041.5;0.0
0;41200;ASH_COATED_OSMIUM;9990.0;26.0;;;;;10008.0;15.0;10009.0;23.0;10010.0;5.0;9999.0;0.0
0;41200;INTARIAN_PEPPER_ROOT;12035.0;9.0;12034.0;9.0;12032.0;16.0;12051.0;16.0;;;;;12043.0;0.0
0;41300;ASH_COATED_OSMIUM;;;;;;;;;;;;;0.0;0.0
0;41300;INTARIAN_PEPPER_ROOT;12035.0;8.0;;;;;12048.0;8.0;12049.0;20.0;12051.0;25.0;12041.5;0.0
0;41400;ASH_COATED_OSMIUM;9993.0;15.0;9991.0;22.0;9990.0;26.0;10009.0;15.0;10011.0;26.0;;;10001.0;0.0
0;41400;INTARIAN_PEPPER_ROOT;12035.0;9.0;12034.0;15.0;12032.0;24.0;12051.0;24.0;;;;;12043.0;0.0
0;41500;ASH_COATED_OSMIUM;9993.0;12.0;9992.0;15.0;9990.0;20.0;10009.0;12.0;;;;;10001.0;0.0
0;41500;INTARIAN_PEPPER_ROOT;;;;;;;12048.0;10.0;12050.0;18.0;12051.0;24.0;12048.0;0.0
0;41600;ASH_COATED_OSMIUM;9992.0;10.0;9991.0;10.0;9990.0;29.0;10008.0;10.0;10010.0;15.0;10011.0;29.0;10000.0;0.0
0;41600;INTARIAN_PEPPER_ROOT;12035.0;11.0;12034.0;9.0;12032.0;17.0;12048.0;11.0;12049.0;21.0;12051.0;17.0;12041.5;0.0
0;41700;ASH_COATED_OSMIUM;9992.0;12.0;9991.0;11.0;9990.0;22.0;10008.0;12.0;10009.0;10.0;10011.0;22.0;10000.0;0.0
0;41700;INTARIAN_PEPPER_ROOT;12045.0;5.0;12040.0;18.0;12035.0;10.0;12051.0;23.0;;;;;12048.0;0.0
0;41800;ASH_COATED_OSMIUM;10001.0;5.0;9992.0;12.0;9991.0;24.0;10008.0;12.0;10010.0;22.0;;;10004.5;0.0
0;41800;INTARIAN_PEPPER_ROOT;12035.0;12.0;;;;;12051.0;20.0;;;;;12043.0;0.0
0;41900;ASH_COATED_OSMIUM;9993.0;12.0;9992.0;24.0;9990.0;24.0;10009.0;12.0;10011.0;24.0;;;10001.0;0.0
0;41900;INTARIAN_PEPPER_ROOT;12035.0;12.0;;;;;12048.0;12.0;12049.0;21.0;12050.0;9.0;12041.5;0.0
0;42000;ASH_COATED_OSMIUM;9993.0;10.0;9992.0;13.0;9990.0;28.0;10009.0;10.0;10010.0;13.0;10011.0;28.0;10001.0;0.0
0;42000;INTARIAN_PEPPER_ROOT;12035.0;8.0;12034.0;17.0;12032.0;23.0;12044.0;10.0;12049.0;8.0;;;12039.5;0.0
0;42100;ASH_COATED_OSMIUM;9993.0;12.0;9991.0;29.0;9990.0;23.0;10011.0;23.0;;;;;10002.0;0.0
0;42100;INTARIAN_PEPPER_ROOT;12036.0;12.0;12035.0;19.0;12033.0;16.0;12049.0;12.0;12052.0;16.0;;;12042.5;0.0
0;42200;ASH_COATED_OSMIUM;9990.0;20.0;;;;;10008.0;12.0;10009.0;24.0;10011.0;20.0;9999.0;0.0
0;42200;INTARIAN_PEPPER_ROOT;12033.0;23.0;;;;;12049.0;8.0;;;;;12041.0;0.0
0;42300;ASH_COATED_OSMIUM;9993.0;13.0;9991.0;14.0;9990.0;21.0;10009.0;13.0;10010.0;14.0;10011.0;21.0;10001.0;0.0
0;42300;INTARIAN_PEPPER_ROOT;;;;;;;12052.0;15.0;;;;;12052.0;0.0
0;42400;ASH_COATED_OSMIUM;9990.0;29.0;;;;;10009.0;12.0;10010.0;11.0;10010.0;12.0;9999.5;0.0
0;42400;INTARIAN_PEPPER_ROOT;12036.0;12.0;;;;;12049.0;12.0;12050.0;25.0;12052.0;25.0;12042.5;0.0
0;42500;ASH_COATED_OSMIUM;9999.0;4.0;9998.0;10.0;9993.0;11.0;10012.0;28.0;;;;;10005.5;0.0
0;42500;INTARIAN_PEPPER_ROOT;12036.0;8.0;12035.0;11.0;12033.0;25.0;12049.0;8.0;12050.0;19.0;12052.0;25.0;12042.5;0.0
0;42600;ASH_COATED_OSMIUM;9991.0;27.0;;;;;10009.0;15.0;10011.0;26.0;10012.0;27.0;10000.0;0.0
0;42600;INTARIAN_PEPPER_ROOT;12036.0;9.0;12035.0;9.0;12033.0;24.0;12049.0;9.0;12050.0;25.0;12052.0;24.0;12042.5;0.0
0;42700;ASH_COATED_OSMIUM;9994.0;12.0;9993.0;30.0;9991.0;25.0;10010.0;12.0;;;;;10002.0;0.0
0;42700;INTARIAN_PEPPER_ROOT;12036.0;9.0;12034.0;19.0;12033.0;22.0;12049.0;9.0;12052.0;22.0;;;12042.5;0.0
0;42800;ASH_COATED_OSMIUM;9994.0;15.0;9992.0;20.0;9991.0;24.0;10012.0;24.0;;;;;10003.0;0.0
0;42800;INTARIAN_PEPPER_ROOT;12036.0;9.0;12035.0;25.0;12033.0;21.0;12049.0;9.0;12052.0;21.0;;;12042.5;0.0
0;42900;ASH_COATED_OSMIUM;9993.0;11.0;9992.0;10.0;9991.0;23.0;10012.0;23.0;;;;;10002.5;0.0
0;42900;INTARIAN_PEPPER_ROOT;12036.0;10.0;12035.0;19.0;12033.0;23.0;12052.0;23.0;;;;;12044.0;0.0
0;43000;ASH_COATED_OSMIUM;9991.0;29.0;;;;;10003.0;3.0;10009.0;12.0;10011.0;26.0;9997.0;0.0
0;43000;INTARIAN_PEPPER_ROOT;12036.0;10.0;12034.0;11.0;12033.0;15.0;12039.0;8.0;12048.0;12.0;12050.0;10.0;12037.5;0.0
0;43100;ASH_COATED_OSMIUM;9993.0;14.0;9992.0;11.0;9991.0;22.0;10009.0;14.0;;;;;10001.0;0.0
0;43100;INTARIAN_PEPPER_ROOT;12034.0;22.0;;;;;12053.0;22.0;;;;;12043.5;0.0
0;43200;ASH_COATED_OSMIUM;9993.0;10.0;9992.0;11.0;9991.0;25.0;10012.0;25.0;;;;;10002.5;0.0
0;43200;INTARIAN_PEPPER_ROOT;12037.0;11.0;12035.0;9.0;12034.0;25.0;12050.0;11.0;12052.0;15.0;12053.0;25.0;12043.5;0.0
0;43300;ASH_COATED_OSMIUM;9993.0;12.0;9992.0;11.0;9990.0;27.0;10009.0;12.0;10010.0;12.0;10011.0;27.0;10001.0;0.0
0;43300;INTARIAN_PEPPER_ROOT;;;;;;;12050.0;10.0;;;;;12050.0;0.0
0;43400;ASH_COATED_OSMIUM;;;;;;;10009.0;13.0;10012.0;27.0;;;10009.0;0.0
0;43400;INTARIAN_PEPPER_ROOT;12037.0;9.0;12036.0;10.0;12034.0;21.0;12050.0;9.0;12051.0;11.0;12053.0;21.0;12043.5;0.0
0;43500;ASH_COATED_OSMIUM;9993.0;12.0;9992.0;29.0;9991.0;23.0;10009.0;12.0;10012.0;23.0;;;10001.0;0.0
0;43500;INTARIAN_PEPPER_ROOT;12037.0;11.0;12036.0;24.0;12034.0;17.0;12050.0;11.0;;;;;12043.5;0.0
0;43600;ASH_COATED_OSMIUM;9993.0;14.0;9991.0;22.0;9990.0;27.0;10011.0;27.0;;;;;10002.0;0.0
0;43600;INTARIAN_PEPPER_ROOT;12037.0;11.0;12036.0;8.0;12034.0;17.0;12050.0;11.0;12052.0;23.0;12053.0;17.0;12043.5;0.0
0;43700;ASH_COATED_OSMIUM;9993.0;10.0;;;;;10011.0;26.0;;;;;10002.0;0.0
0;43700;INTARIAN_PEPPER_ROOT;12037.0;9.0;12036.0;9.0;12034.0;22.0;12050.0;9.0;12052.0;12.0;12053.0;22.0;12043.5;0.0
0;43800;ASH_COATED_OSMIUM;9993.0;11.0;9992.0;23.0;9990.0;30.0;10011.0;30.0;;;;;10002.0;0.0
0;43800;INTARIAN_PEPPER_ROOT;12034.0;19.0;;;;;12050.0;12.0;12052.0;21.0;12053.0;19.0;12042.0;0.0
0;43900;ASH_COATED_OSMIUM;9993.0;13.0;9992.0;12.0;9991.0;26.0;10009.0;13.0;10011.0;24.0;10012.0;26.0;10001.0;0.0
0;43900;INTARIAN_PEPPER_ROOT;12037.0;9.0;12036.0;21.0;12034.0;19.0;12053.0;19.0;;;;;12045.0;0.0
0;44000;ASH_COATED_OSMIUM;9993.0;12.0;9992.0;14.0;9990.0;22.0;10009.0;12.0;10010.0;15.0;10011.0;22.0;10001.0;0.0
0;44000;INTARIAN_PEPPER_ROOT;12037.0;9.0;12035.0;12.0;12034.0;25.0;12051.0;9.0;12052.0;10.0;12054.0;25.0;12044.0;0.0
0;44100;ASH_COATED_OSMIUM;9993.0;11.0;9992.0;15.0;9990.0;28.0;10009.0;11.0;10010.0;15.0;10011.0;28.0;10001.0;0.0
0;44100;INTARIAN_PEPPER_ROOT;12038.0;10.0;12037.0;12.0;12035.0;18.0;12051.0;10.0;12052.0;16.0;12054.0;18.0;12044.5;0.0
0;44200;ASH_COATED_OSMIUM;9993.0;12.0;9992.0;28.0;9990.0;22.0;10009.0;12.0;10011.0;22.0;;;10001.0;0.0
0;44200;INTARIAN_PEPPER_ROOT;12038.0;9.0;12037.0;8.0;12035.0;18.0;12054.0;18.0;;;;;12046.0;0.0
0;44300;ASH_COATED_OSMIUM;9993.0;10.0;9992.0;5.0;9991.0;25.0;10009.0;10.0;;;;;10001.0;0.0
0;44300;INTARIAN_PEPPER_ROOT;12038.0;11.0;12036.0;11.0;12035.0;24.0;12051.0;11.0;;;;;12044.5;0.0
0;44400;ASH_COATED_OSMIUM;9993.0;11.0;9992.0;15.0;9991.0;27.0;10009.0;11.0;10011.0;13.0;10012.0;27.0;10001.0;0.0
0;44400;INTARIAN_PEPPER_ROOT;;;;;;;12054.0;21.0;;;;;12054.0;0.0
0;44500;ASH_COATED_OSMIUM;9991.0;30.0;;;;;10010.0;10.0;10011.0;24.0;10012.0;30.0;10000.5;0.0
0;44500;INTARIAN_PEPPER_ROOT;12035.0;24.0;;;;;12051.0;8.0;12053.0;19.0;12054.0;24.0;12043.0;0.0
0;44600;ASH_COATED_OSMIUM;9993.0;12.0;9992.0;15.0;9991.0;26.0;10009.0;12.0;10011.0;11.0;10012.0;26.0;10001.0;0.0
0;44600;INTARIAN_PEPPER_ROOT;12038.0;8.0;12036.0;18.0;12035.0;23.0;12051.0;8.0;12054.0;23.0;;;12044.5;0.0
0;44700;ASH_COATED_OSMIUM;9993.0;12.0;9992.0;20.0;9991.0;28.0;10009.0;12.0;;;;;10001.0;0.0
0;44700;INTARIAN_PEPPER_ROOT;12035.0;22.0;;;;;12041.0;8.0;12048.0;17.0;12051.0;11.0;12038.0;0.0
0;44800;ASH_COATED_OSMIUM;9993.0;14.0;9992.0;21.0;9991.0;21.0;10009.0;14.0;10012.0;21.0;;;10001.0;0.0
0;44800;INTARIAN_PEPPER_ROOT;12038.0;8.0;;;;;12051.0;8.0;;;;;12044.5;0.0
0;44900;ASH_COATED_OSMIUM;9990.0;24.0;;;;;10009.0;14.0;10010.0;24.0;10011.0;24.0;9999.5;0.0
0;44900;INTARIAN_PEPPER_ROOT;12035.0;23.0;;;;;12051.0;12.0;;;;;12043.0;0.0
0;45000;ASH_COATED_OSMIUM;;;;;;;10008.0;15.0;10009.0;15.0;10011.0;21.0;10008.0;0.0
0;45000;INTARIAN_PEPPER_ROOT;12038.0;12.0;12037.0;25.0;12035.0;22.0;12055.0;22.0;;;;;12046.5;0.0
0;45100;ASH_COATED_OSMIUM;9992.0;13.0;9991.0;22.0;9990.0;22.0;10008.0;13.0;;;;;10000.0;0.0
0;45100;INTARIAN_PEPPER_ROOT;12039.0;11.0;;;;;;;;;;;12039.0;0.0
0;45200;ASH_COATED_OSMIUM;9992.0;10.0;9991.0;11.0;9990.0;29.0;9998.0;6.0;10008.0;10.0;10010.0;24.0;9995.0;0.0
0;45200;INTARIAN_PEPPER_ROOT;12039.0;10.0;12036.0;18.0;;;;;;;;;12039.0;0.0
0;45300;ASH_COATED_OSMIUM;9992.0;11.0;9991.0;26.0;9990.0;28.0;10008.0;11.0;10011.0;28.0;;;10000.0;0.0
0;45300;INTARIAN_PEPPER_ROOT;12039.0;10.0;;;;;12052.0;10.0;12053.0;22.0;12055.0;20.0;12045.5;0.0
0;45400;ASH_COATED_OSMIUM;9992.0;12.0;;;;;10011.0;22.0;;;;;10001.5;0.0
0;45400;INTARIAN_PEPPER_ROOT;;;;;;;12052.0;12.0;;;;;12052.0;0.0
0;45500;ASH_COATED_OSMIUM;9992.0;11.0;9991.0;15.0;9990.0;28.0;10008.0;11.0;10009.0;11.0;10011.0;28.0;10000.0;0.0
0;45500;INTARIAN_PEPPER_ROOT;12036.0;22.0;;;;;12055.0;22.0;;;;;12045.5;0.0
0;45600;ASH_COATED_OSMIUM;9989.0;25.0;;;;;10008.0;14.0;10009.0;12.0;10009.0;20.0;9998.5;0.0
0;45600;INTARIAN_PEPPER_ROOT;12039.0;9.0;12038.0;22.0;12036.0;22.0;12052.0;9.0;12055.0;22.0;;;12045.5;0.0
0;45700;ASH_COATED_OSMIUM;9992.0;12.0;;;;;10008.0;12.0;10010.0;30.0;10011.0;28.0;10000.0;0.0
0;45700;INTARIAN_PEPPER_ROOT;12039.0;8.0;12038.0;18.0;12036.0;25.0;12052.0;8.0;12055.0;25.0;;;12045.5;0.0
0;45800;ASH_COATED_OSMIUM;9991.0;14.0;9990.0;30.0;9989.0;23.0;10007.0;14.0;10010.0;23.0;;;9999.0;0.0
0;45800;INTARIAN_PEPPER_ROOT;12039.0;8.0;12038.0;10.0;12036.0;17.0;12052.0;8.0;;;;;12045.5;0.0
0;45900;ASH_COATED_OSMIUM;9992.0;14.0;;;;;10008.0;14.0;10009.0;14.0;10010.0;26.0;10000.0;0.0
0;45900;INTARIAN_PEPPER_ROOT;12036.0;16.0;;;;;12052.0;8.0;;;;;12044.0;0.0
0;46000;ASH_COATED_OSMIUM;9991.0;11.0;9990.0;29.0;9989.0;29.0;10010.0;29.0;;;;;10000.5;0.0
0;46000;INTARIAN_PEPPER_ROOT;12039.0;11.0;12038.0;22.0;12036.0;20.0;12053.0;11.0;12056.0;20.0;;;12046.0;0.0
0;46100;ASH_COATED_OSMIUM;9989.0;25.0;;;;;10007.0;10.0;10009.0;13.0;10009.0;14.0;9998.0;0.0
0;46100;INTARIAN_PEPPER_ROOT;12037.0;23.0;;;;;12053.0;9.0;12054.0;22.0;12056.0;23.0;12045.0;0.0
0;46200;ASH_COATED_OSMIUM;9992.0;10.0;9991.0;23.0;9989.0;20.0;10008.0;10.0;;;;;10000.0;0.0
0;46200;INTARIAN_PEPPER_ROOT;12040.0;8.0;12039.0;24.0;12037.0;23.0;12053.0;8.0;12056.0;23.0;;;12046.5;0.0
0;46300;ASH_COATED_OSMIUM;9992.0;11.0;9990.0;25.0;9989.0;27.0;10001.0;2.0;10008.0;11.0;10010.0;27.0;9996.5;0.0
0;46300;INTARIAN_PEPPER_ROOT;12040.0;12.0;12038.0;23.0;12037.0;23.0;12053.0;12.0;;;;;12046.5;0.0
0;46400;ASH_COATED_OSMIUM;9992.0;15.0;;;;;10008.0;15.0;10009.0;23.0;10010.0;23.0;10000.0;0.0
0;46400;INTARIAN_PEPPER_ROOT;12040.0;12.0;12039.0;21.0;12037.0;16.0;12056.0;16.0;;;;;12048.0;0.0
0;46500;ASH_COATED_OSMIUM;10001.0;9.0;9992.0;13.0;9991.0;13.0;10008.0;13.0;10009.0;12.0;10010.0;20.0;10004.5;0.0
0;46500;INTARIAN_PEPPER_ROOT;12040.0;9.0;12039.0;8.0;12037.0;17.0;12053.0;9.0;12054.0;9.0;12056.0;17.0;12046.5;0.0
0;46600;ASH_COATED_OSMIUM;9991.0;11.0;;;;;10007.0;11.0;;;;;9999.0;0.0
0;46600;INTARIAN_PEPPER_ROOT;12040.0;8.0;12038.0;25.0;12037.0;22.0;12053.0;8.0;;;;;12046.5;0.0
0;46700;ASH_COATED_OSMIUM;9991.0;14.0;9990.0;22.0;9989.0;27.0;10007.0;14.0;10010.0;27.0;;;9999.0;0.0
0;46700;INTARIAN_PEPPER_ROOT;12040.0;9.0;12038.0;10.0;12037.0;19.0;12053.0;9.0;12054.0;9.0;12056.0;19.0;12046.5;0.0
0;46800;ASH_COATED_OSMIUM;9991.0;13.0;9990.0;12.0;9989.0;10.0;10007.0;13.0;10009.0;28.0;;;9999.0;0.0
0;46800;INTARIAN_PEPPER_ROOT;12040.0;11.0;;;;;12053.0;11.0;;;;;12046.5;0.0
0;46900;ASH_COATED_OSMIUM;9991.0;14.0;9990.0;28.0;9989.0;24.0;;;;;;;9991.0;0.0
0;46900;INTARIAN_PEPPER_ROOT;12040.0;9.0;;;;;12053.0;9.0;;;;;12046.5;0.0
0;47000;ASH_COATED_OSMIUM;9991.0;15.0;9990.0;13.0;9989.0;26.0;10001.0;2.0;10004.0;26.0;10007.0;15.0;9996.0;0.0
0;47000;INTARIAN_PEPPER_ROOT;12040.0;8.0;12038.0;12.0;12037.0;19.0;12054.0;8.0;12056.0;17.0;12057.0;19.0;12047.0;0.0
0;47100;ASH_COATED_OSMIUM;9997.0;3.0;9992.0;15.0;9991.0;14.0;10008.0;15.0;10009.0;23.0;10010.0;28.0;10002.5;0.0
0;47100;INTARIAN_PEPPER_ROOT;12041.0;10.0;;;;;12057.0;22.0;;;;;12049.0;0.0
0;47200;ASH_COATED_OSMIUM;9991.0;10.0;9990.0;30.0;9989.0;23.0;10007.0;10.0;10010.0;23.0;;;9999.0;0.0
0;47200;INTARIAN_PEPPER_ROOT;12041.0;9.0;12040.0;19.0;12038.0;18.0;12054.0;9.0;;;;;12047.5;0.0
0;47300;ASH_COATED_OSMIUM;9996.0;3.0;9995.0;12.0;9988.0;29.0;10007.0;15.0;10008.0;14.0;10009.0;29.0;10001.5;0.0
0;47300;INTARIAN_PEPPER_ROOT;12041.0;12.0;12039.0;11.0;12038.0;16.0;12054.0;12.0;12055.0;24.0;12057.0;16.0;12047.5;0.0
0;47400;ASH_COATED_OSMIUM;9991.0;11.0;;;;;10007.0;11.0;10008.0;10.0;10008.0;26.0;9999.0;0.0
0;47400;INTARIAN_PEPPER_ROOT;12038.0;24.0;;;;;12054.0;9.0;12055.0;25.0;12057.0;24.0;12046.0;0.0
0;47500;ASH_COATED_OSMIUM;9990.0;11.0;9988.0;10.0;9987.0;21.0;10006.0;11.0;10007.0;14.0;10008.0;21.0;9998.0;0.0
0;47500;INTARIAN_PEPPER_ROOT;12041.0;10.0;12039.0;9.0;12038.0;17.0;12057.0;17.0;;;;;12049.0;0.0
0;47600;ASH_COATED_OSMIUM;9990.0;13.0;9989.0;23.0;9988.0;29.0;10006.0;13.0;;;;;9998.0;0.0
0;47600;INTARIAN_PEPPER_ROOT;12041.0;11.0;12039.0;17.0;12038.0;17.0;12057.0;17.0;;;;;12049.0;0.0
0;47700;ASH_COATED_OSMIUM;9990.0;10.0;9989.0;10.0;9988.0;23.0;10006.0;10.0;10008.0;10.0;10009.0;23.0;9998.0;0.0
0;47700;INTARIAN_PEPPER_ROOT;12041.0;8.0;12040.0;20.0;12038.0;24.0;12057.0;24.0;;;;;12049.0;0.0
0;47800;ASH_COATED_OSMIUM;9990.0;15.0;9989.0;14.0;9988.0;27.0;10006.0;15.0;;;;;9998.0;0.0
0;47800;INTARIAN_PEPPER_ROOT;12041.0;8.0;12039.0;10.0;12038.0;18.0;12054.0;8.0;;;;;12047.5;0.0
0;47900;ASH_COATED_OSMIUM;9990.0;13.0;9989.0;26.0;9988.0;24.0;10009.0;24.0;;;;;9999.5;0.0
0;47900;INTARIAN_PEPPER_ROOT;12041.0;8.0;12039.0;11.0;12038.0;21.0;12054.0;8.0;;;;;12047.5;0.0
0;48000;ASH_COATED_OSMIUM;9990.0;13.0;9989.0;23.0;9988.0;28.0;10006.0;13.0;;;;;9998.0;0.0
0;48000;INTARIAN_PEPPER_ROOT;12041.0;8.0;12039.0;15.0;12038.0;18.0;12055.0;8.0;12058.0;18.0;;;12048.0;0.0
0;48100;ASH_COATED_OSMIUM;9990.0;10.0;9989.0;14.0;9988.0;21.0;10006.0;10.0;10007.0;11.0;10009.0;21.0;9998.0;0.0
0;48100;INTARIAN_PEPPER_ROOT;12051.0;7.0;12050.0;19.0;12042.0;9.0;12055.0;9.0;12058.0;23.0;;;12053.0;0.0
0;48200;ASH_COATED_OSMIUM;9988.0;25.0;;;;;10006.0;12.0;10007.0;30.0;10009.0;25.0;9997.0;0.0
0;48200;INTARIAN_PEPPER_ROOT;12042.0;10.0;12041.0;17.0;12039.0;19.0;12055.0;10.0;12058.0;19.0;;;12048.5;0.0
0;48300;ASH_COATED_OSMIUM;9990.0;11.0;9988.0;24.0;;;10006.0;11.0;;;;;9998.0;0.0
0;48300;INTARIAN_PEPPER_ROOT;12042.0;8.0;;;;;12055.0;8.0;12057.0;24.0;12058.0;16.0;12048.5;0.0
0;48400;ASH_COATED_OSMIUM;9988.0;23.0;;;;;10009.0;23.0;;;;;9998.5;0.0
0;48400;INTARIAN_PEPPER_ROOT;12042.0;11.0;12041.0;22.0;12039.0;20.0;12055.0;11.0;;;;;12048.5;0.0
0;48500;ASH_COATED_OSMIUM;9990.0;15.0;9989.0;27.0;9988.0;29.0;10006.0;15.0;10009.0;29.0;;;9998.0;0.0
0;48500;INTARIAN_PEPPER_ROOT;12042.0;8.0;12041.0;11.0;12039.0;16.0;12055.0;8.0;12056.0;9.0;12058.0;16.0;12048.5;0.0
0;48600;ASH_COATED_OSMIUM;9990.0;10.0;9989.0;20.0;9988.0;22.0;10006.0;10.0;10009.0;22.0;;;9998.0;0.0
0;48600;INTARIAN_PEPPER_ROOT;12042.0;10.0;12041.0;9.0;12039.0;25.0;12055.0;10.0;;;;;12048.5;0.0
0;48700;ASH_COATED_OSMIUM;9990.0;11.0;9989.0;20.0;9988.0;27.0;10009.0;27.0;;;;;9999.5;0.0
0;48700;INTARIAN_PEPPER_ROOT;12039.0;17.0;;;;;12055.0;12.0;;;;;12047.0;0.0
0;48800;ASH_COATED_OSMIUM;9990.0;14.0;;;;;10006.0;14.0;10007.0;28.0;10008.0;11.0;9998.0;0.0
0;48800;INTARIAN_PEPPER_ROOT;;;;;;;12055.0;11.0;12057.0;17.0;12058.0;16.0;12055.0;0.0
0;48900;ASH_COATED_OSMIUM;9991.0;11.0;9990.0;13.0;9988.0;24.0;10007.0;11.0;10008.0;11.0;10009.0;24.0;9999.0;0.0
0;48900;INTARIAN_PEPPER_ROOT;12042.0;8.0;12040.0;16.0;12039.0;23.0;12055.0;8.0;;;;;12048.5;0.0
0;49000;ASH_COATED_OSMIUM;9991.0;13.0;;;;;10007.0;13.0;10008.0;13.0;10009.0;22.0;9999.0;0.0
0;49000;INTARIAN_PEPPER_ROOT;12042.0;9.0;12041.0;9.0;12039.0;17.0;12056.0;9.0;;;;;12049.0;0.0
0;49100;ASH_COATED_OSMIUM;9991.0;13.0;;;;;10007.0;13.0;;;;;9999.0;0.0
0;49100;INTARIAN_PEPPER_ROOT;12043.0;10.0;12042.0;21.0;12040.0;21.0;12056.0;10.0;12059.0;21.0;;;12049.5;0.0
0;49200;ASH_COATED_OSMIUM;;;;;;;10009.0;29.0;;;;;10009.0;0.0
0;49200;INTARIAN_PEPPER_ROOT;12043.0;8.0;12041.0;11.0;12040.0;18.0;12056.0;8.0;;;;;12049.5;0.0
0;49300;ASH_COATED_OSMIUM;9990.0;12.0;9989.0;15.0;9987.0;30.0;10006.0;12.0;10007.0;12.0;10008.0;30.0;9998.0;0.0
0;49300;INTARIAN_PEPPER_ROOT;12043.0;12.0;12041.0;11.0;12040.0;18.0;12059.0;18.0;;;;;12051.0;0.0
0;49400;ASH_COATED_OSMIUM;9999.0;9.0;9990.0;15.0;9988.0;13.0;10006.0;15.0;10007.0;24.0;10008.0;21.0;10002.5;0.0
0;49400;INTARIAN_PEPPER_ROOT;12040.0;23.0;;;;;12056.0;8.0;12058.0;12.0;12058.0;16.0;12048.0;0.0
0;49500;ASH_COATED_OSMIUM;9990.0;10.0;9988.0;10.0;9987.0;21.0;10008.0;21.0;;;;;9999.0;0.0
0;49500;INTARIAN_PEPPER_ROOT;12043.0;12.0;12041.0;20.0;12040.0;18.0;12056.0;12.0;12059.0;18.0;;;12049.5;0.0
0;49600;ASH_COATED_OSMIUM;9988.0;21.0;;;;;10006.0;10.0;10009.0;21.0;;;9997.0;0.0
0;49600;INTARIAN_PEPPER_ROOT;12043.0;9.0;12042.0;23.0;12040.0;17.0;12056.0;9.0;12059.0;17.0;;;12049.5;0.0
0;49700;ASH_COATED_OSMIUM;9990.0;14.0;9989.0;28.0;9988.0;29.0;10006.0;14.0;10009.0;29.0;;;9998.0;0.0
0;49700;INTARIAN_PEPPER_ROOT;12043.0;8.0;12041.0;18.0;12040.0;19.0;12056.0;8.0;12059.0;19.0;;;12049.5;0.0
0;49800;ASH_COATED_OSMIUM;9991.0;12.0;9989.0;25.0;9988.0;21.0;10007.0;12.0;10009.0;21.0;;;9999.0;0.0
0;49800;INTARIAN_PEPPER_ROOT;12043.0;9.0;12041.0;21.0;12040.0;22.0;12056.0;9.0;12059.0;22.0;;;12049.5;0.0
0;49900;ASH_COATED_OSMIUM;9991.0;10.0;9990.0;23.0;9989.0;27.0;10010.0;27.0;;;;;10000.5;0.0
0;49900;INTARIAN_PEPPER_ROOT;12043.0;8.0;12042.0;8.0;12040.0;25.0;;;;;;;12043.0;0.0
0;50000;ASH_COATED_OSMIUM;9991.0;15.0;9989.0;22.0;9988.0;21.0;10007.0;15.0;10009.0;21.0;;;9999.0;0.0
0;50000;INTARIAN_PEPPER_ROOT;12043.0;10.0;12042.0;8.0;12040.0;22.0;12057.0;10.0;;;;;12050.0;0.0
0;50100;ASH_COATED_OSMIUM;9991.0;10.0;9990.0;26.0;9989.0;2.0;10007.0;10.0;10009.0;24.0;;;9999.0;0.0
0;50100;INTARIAN_PEPPER_ROOT;12044.0;9.0;12042.0;10.0;12041.0;15.0;12060.0;15.0;;;;;12052.0;0.0
0;50200;ASH_COATED_OSMIUM;9991.0;10.0;9990.0;10.0;9988.0;25.0;10009.0;25.0;;;;;10000.0;0.0
0;50200;INTARIAN_PEPPER_ROOT;12044.0;8.0;;;;;12060.0;22.0;;;;;12052.0;0.0
0;50300;ASH_COATED_OSMIUM;9990.0;15.0;9989.0;13.0;9988.0;25.0;10009.0;25.0;;;;;9999.5;0.0
0;50300;INTARIAN_PEPPER_ROOT;12041.0;19.0;;;;;12057.0;8.0;12058.0;9.0;12059.0;11.0;12049.0;0.0
0;50400;ASH_COATED_OSMIUM;9991.0;13.0;9990.0;21.0;9988.0;22.0;10007.0;13.0;10009.0;22.0;;;9999.0;0.0
0;50400;INTARIAN_PEPPER_ROOT;12044.0;9.0;12043.0;9.0;12041.0;20.0;12060.0;20.0;;;;;12052.0;0.0
0;50500;ASH_COATED_OSMIUM;9990.0;10.0;9989.0;12.0;9988.0;20.0;10006.0;10.0;10007.0;14.0;10009.0;20.0;9998.0;0.0
0;50500;INTARIAN_PEPPER_ROOT;12044.0;9.0;12043.0;22.0;12041.0;24.0;12057.0;9.0;12060.0;24.0;;;12050.5;0.0
0;50600;ASH_COATED_OSMIUM;9990.0;14.0;9989.0;23.0;9988.0;23.0;10006.0;14.0;10009.0;23.0;;;9998.0;0.0
0;50600;INTARIAN_PEPPER_ROOT;12041.0;15.0;;;;;12060.0;15.0;;;;;12050.5;0.0
0;50700;ASH_COATED_OSMIUM;9990.0;11.0;9989.0;13.0;9988.0;21.0;10006.0;11.0;10007.0;15.0;10009.0;21.0;9998.0;0.0
0;50700;INTARIAN_PEPPER_ROOT;12044.0;9.0;12043.0;24.0;12041.0;15.0;12057.0;9.0;12060.0;15.0;;;12050.5;0.0
0;50800;ASH_COATED_OSMIUM;9990.0;15.0;;;;;10006.0;15.0;10008.0;15.0;10009.0;29.0;9998.0;0.0
0;50800;INTARIAN_PEPPER_ROOT;12044.0;11.0;12042.0;9.0;12041.0;15.0;12057.0;11.0;12058.0;18.0;12060.0;15.0;12050.5;0.0
0;50900;ASH_COATED_OSMIUM;9990.0;14.0;9989.0;5.0;9988.0;22.0;10009.0;22.0;;;;;9999.5;0.0
0;50900;INTARIAN_PEPPER_ROOT;12044.0;9.0;12043.0;24.0;12041.0;19.0;12057.0;9.0;12060.0;19.0;;;12050.5;0.0
0;51000;ASH_COATED_OSMIUM;9987.0;30.0;;;;;10006.0;11.0;10007.0;11.0;10007.0;23.0;9996.5;0.0
0;51000;INTARIAN_PEPPER_ROOT;12044.0;11.0;12042.0;11.0;12041.0;21.0;12058.0;11.0;12059.0;21.0;12061.0;21.0;12051.0;0.0
0;51100;ASH_COATED_OSMIUM;9990.0;11.0;9989.0;22.0;9988.0;26.0;10006.0;11.0;;;;;9998.0;0.0
0;51100;INTARIAN_PEPPER_ROOT;12045.0;11.0;12044.0;12.0;12042.0;17.0;12058.0;11.0;12060.0;18.0;12061.0;17.0;12051.5;0.0
0;51200;ASH_COATED_OSMIUM;9991.0;12.0;9990.0;24.0;9989.0;30.0;10007.0;12.0;10010.0;30.0;;;9999.0;0.0
0;51200;INTARIAN_PEPPER_ROOT;12042.0;22.0;;;;;12058.0;9.0;12059.0;21.0;12061.0;22.0;12050.0;0.0
0;51300;ASH_COATED_OSMIUM;9991.0;14.0;9990.0;15.0;9989.0;28.0;10007.0;14.0;10008.0;20.0;10010.0;28.0;9999.0;0.0
0;51300;INTARIAN_PEPPER_ROOT;12042.0;15.0;;;;;12058.0;8.0;12061.0;15.0;;;12050.0;0.0
0;51400;ASH_COATED_OSMIUM;9997.0;4.0;9991.0;11.0;9990.0;28.0;10007.0;11.0;10010.0;26.0;;;10002.0;0.0
0;51400;INTARIAN_PEPPER_ROOT;12045.0;12.0;12043.0;21.0;12042.0;22.0;;;;;;;12045.0;0.0
0;51500;ASH_COATED_OSMIUM;9991.0;15.0;;;;;10009.0;20.0;;;;;10000.0;0.0
0;51500;INTARIAN_PEPPER_ROOT;12045.0;9.0;;;;;12058.0;9.0;12059.0;18.0;12061.0;20.0;12051.5;0.0
0;51600;ASH_COATED_OSMIUM;9991.0;11.0;9990.0;14.0;9988.0;23.0;10007.0;11.0;10008.0;22.0;10009.0;23.0;9999.0;0.0
0;51600;INTARIAN_PEPPER_ROOT;12045.0;8.0;12044.0;23.0;12042.0;19.0;12058.0;8.0;12061.0;19.0;;;12051.5;0.0
0;51700;ASH_COATED_OSMIUM;9990.0;13.0;9989.0;5.0;9989.0;23.0;10006.0;13.0;10009.0;26.0;;;9998.0;0.0
