day;timestamp;product;bid_price_1;bid_volume_1;bid_price_2;bid_volume_2;bid_price_3;bid_volume_3;ask_price_1;ask_volume_1;ask_price_2;ask_volume_2;ask_price_3;ask_volume_3;mid_price;profit_and_loss
1;0;ASH_COATED_OSMIUM;10000.0;13.0;9999.0;14.0;9998.0;21.0;10016.0;13.0;10017.0;23.0;10019.0;21.0;10008.0;0.0
1;0;INTARIAN_PEPPER_ROOT;12993.0;9.0;12991.0;21.0;12990.0;25.0;13007.0;9.0;13010.0;25.0;;;13000.0;0.0
1;100;ASH_COATED_OSMIUM;10000.0;15.0;9999.0;27.0;9998.0;26.0;10019.0;26.0;;;;;10009.5;0.0
1;100;INTARIAN_PEPPER_ROOT;12993.0;8.0;;;;;13007.0;8.0;13009.0;11.0;13010.0;22.0;13000.0;0.0
1;200;ASH_COATED_OSMIUM;10000.0;15.0;9999.0;24.0;9998.0;30.0;10019.0;30.0;;;;;10009.5;0.0
1;200;INTARIAN_PEPPER_ROOT;12993.0;9.0;12991.0;20.0;12990.0;22.0;13010.0;22.0;;;;;13001.5;0.0
1;300;ASH_COATED_OSMIUM;9998.0;27.0;;;;;10016.0;12.0;10018.0;24.0;10019.0;27.0;10007.0;0.0
1;300;INTARIAN_PEPPER_ROOT;12993.0;8.0;12992.0;8.0;12990.0;23.0;13007.0;8.0;13010.0;17.0;13011.0;23.0;13000.0;0.0
1;400;ASH_COATED_OSMIUM;10010.0;8.0;10000.0;12.0;9999.0;14.0;10016.0;12.0;10017.0;15.0;10019.0;25.0;10013.0;0.0
1;400;INTARIAN_PEPPER_ROOT;12993.0;10.0;12991.0;10.0;12990.0;15.0;13007.0;10.0;13010.0;23.0;13011.0;15.0;13000.0;0.0
1;500;ASH_COATED_OSMIUM;10000.0;11.0;9999.0;28.0;9998.0;22.0;10017.0;11.0;10019.0;22.0;;;10008.5;0.0
1;500;INTARIAN_PEPPER_ROOT;12993.0;9.0;12992.0;22.0;12990.0;19.0;13007.0;9.0;13011.0;19.0;;;13000.0;0.0
1;600;ASH_COATED_OSMIUM;10000.0;13.0;9999.0;12.0;9998.0;25.0;10019.0;25.0;;;;;10009.5;0.0
1;600;INTARIAN_PEPPER_ROOT;12990.0;23.0;;;;;13008.0;11.0;13009.0;9.0;13010.0;10.0;12999.0;0.0
1;700;ASH_COATED_OSMIUM;10000.0;11.0;;;;;10016.0;11.0;;;;;10008.0;0.0
1;700;INTARIAN_PEPPER_ROOT;12994.0;9.0;12992.0;12.0;12990.0;24.0;13008.0;9.0;13010.0;10.0;13011.0;24.0;13001.0;0.0
1;800;ASH_COATED_OSMIUM;10001.0;12.0;10000.0;10.0;9998.0;27.0;10019.0;27.0;;;;;10010.0;0.0
1;800;INTARIAN_PEPPER_ROOT;12994.0;8.0;;;;;13008.0;8.0;13009.0;11.0;13011.0;20.0;13001.0;0.0
1;900;ASH_COATED_OSMIUM;10001.0;12.0;10000.0;30.0;9998.0;21.0;10019.0;21.0;;;;;10010.0;0.0
1;900;INTARIAN_PEPPER_ROOT;12994.0;8.0;12993.0;25.0;12991.0;25.0;13011.0;25.0;;;;;13002.5;0.0
1;1000;ASH_COATED_OSMIUM;10001.0;14.0;9999.0;14.0;9998.0;28.0;10017.0;14.0;10018.0;20.0;10019.0;28.0;10009.0;0.0
1;1000;INTARIAN_PEPPER_ROOT;12994.0;10.0;12992.0;20.0;12991.0;21.0;13008.0;10.0;13011.0;21.0;;;13001.0;0.0
1;1100;ASH_COATED_OSMIUM;10001.0;13.0;10000.0;22.0;9998.0;28.0;10017.0;13.0;10019.0;28.0;;;10009.0;0.0
1;1100;INTARIAN_PEPPER_ROOT;12994.0;11.0;12993.0;16.0;12991.0;24.0;13008.0;11.0;13009.0;23.0;13011.0;24.0;13001.0;0.0
1;1200;ASH_COATED_OSMIUM;10001.0;12.0;;;;;;;;;;;10001.0;0.0
1;1200;INTARIAN_PEPPER_ROOT;12994.0;9.0;12992.0;19.0;12991.0;22.0;13011.0;22.0;;;;;13002.5;0.0
1;1300;ASH_COATED_OSMIUM;10001.0;13.0;10000.0;10.0;9999.0;23.0;10017.0;13.0;;;;;10009.0;0.0
1;1300;INTARIAN_PEPPER_ROOT;12994.0;12.0;12992.0;12.0;12991.0;16.0;13008.0;12.0;;;;;13001.0;0.0
1;1400;ASH_COATED_OSMIUM;;;;;;;10017.0;10.0;10019.0;12.0;10020.0;24.0;10017.0;0.0
1;1400;INTARIAN_PEPPER_ROOT;12994.0;10.0;12993.0;8.0;12991.0;17.0;13008.0;10.0;13009.0;8.0;13012.0;17.0;13001.0;0.0
1;1500;ASH_COATED_OSMIUM;10001.0;12.0;10000.0;20.0;9999.0;29.0;10017.0;12.0;10019.0;27.0;10020.0;29.0;10009.0;0.0
1;1500;INTARIAN_PEPPER_ROOT;12994.0;11.0;12993.0;22.0;12991.0;16.0;13012.0;16.0;;;;;13003.0;0.0
1;1600;ASH_COATED_OSMIUM;10001.0;14.0;10000.0;29.0;9999.0;23.0;10017.0;14.0;10020.0;23.0;;;10009.0;0.0
1;1600;INTARIAN_PEPPER_ROOT;12995.0;8.0;12993.0;8.0;12991.0;23.0;13009.0;8.0;13010.0;12.0;13012.0;23.0;13002.0;0.0
1;1700;ASH_COATED_OSMIUM;10001.0;13.0;10000.0;12.0;9999.0;24.0;10018.0;13.0;;;;;10009.5;0.0
1;1700;INTARIAN_PEPPER_ROOT;12995.0;9.0;12994.0;18.0;12991.0;15.0;13009.0;9.0;13012.0;15.0;;;13002.0;0.0
1;1800;ASH_COATED_OSMIUM;10001.0;13.0;10000.0;15.0;9999.0;28.0;10011.0;4.0;10016.0;24.0;10017.0;13.0;10006.0;0.0
1;1800;INTARIAN_PEPPER_ROOT;12995.0;9.0;12993.0;11.0;12992.0;16.0;13009.0;9.0;13011.0;12.0;13012.0;16.0;13002.0;0.0
1;1900;ASH_COATED_OSMIUM;10002.0;15.0;10001.0;28.0;9999.0;24.0;10018.0;15.0;10020.0;24.0;;;10010.0;0.0
1;1900;INTARIAN_PEPPER_ROOT;12995.0;10.0;12994.0;23.0;12992.0;25.0;13009.0;10.0;13012.0;25.0;;;13002.0;0.0
1;2000;ASH_COATED_OSMIUM;10002.0;13.0;10001.0;15.0;10000.0;22.0;10018.0;13.0;10020.0;29.0;10021.0;22.0;10010.0;0.0
1;2000;INTARIAN_PEPPER_ROOT;12995.0;12.0;;;;;13009.0;12.0;13010.0;12.0;13012.0;22.0;13002.0;0.0
1;2100;ASH_COATED_OSMIUM;10003.0;12.0;10002.0;29.0;10000.0;25.0;10019.0;12.0;;;;;10011.0;0.0
1;2100;INTARIAN_PEPPER_ROOT;12995.0;8.0;;;;;13009.0;8.0;13010.0;23.0;13012.0;15.0;13002.0;0.0
1;2200;ASH_COATED_OSMIUM;10003.0;10.0;10002.0;12.0;10000.0;29.0;10019.0;10.0;10020.0;25.0;10021.0;29.0;10011.0;0.0
1;2200;INTARIAN_PEPPER_ROOT;12995.0;12.0;12994.0;12.0;12992.0;23.0;13009.0;12.0;13010.0;18.0;13012.0;23.0;13002.0;0.0
1;2300;ASH_COATED_OSMIUM;10003.0;14.0;10001.0;26.0;10000.0;20.0;10019.0;14.0;10021.0;20.0;;;10011.0;0.0
1;2300;INTARIAN_PEPPER_ROOT;12995.0;9.0;;;;;13013.0;25.0;;;;;13004.0;0.0
1;2400;ASH_COATED_OSMIUM;10002.0;10.0;10001.0;23.0;10000.0;25.0;10021.0;25.0;;;;;10011.5;0.0
1;2400;INTARIAN_PEPPER_ROOT;12995.0;8.0;12993.0;16.0;12992.0;22.0;13013.0;22.0;;;;;13004.0;0.0
1;2500;ASH_COATED_OSMIUM;10002.0;14.0;10001.0;30.0;10000.0;27.0;10018.0;14.0;10021.0;27.0;;;10010.0;0.0
1;2500;INTARIAN_PEPPER_ROOT;12995.0;10.0;12993.0;8.0;12992.0;15.0;;;;;;;12995.0;0.0
1;2600;ASH_COATED_OSMIUM;9999.0;20.0;;;;;10018.0;13.0;10019.0;12.0;10019.0;22.0;10008.5;0.0
1;2600;INTARIAN_PEPPER_ROOT;12996.0;8.0;12993.0;9.0;12992.0;25.0;13010.0;8.0;13011.0;12.0;13013.0;25.0;13003.0;0.0
1;2700;ASH_COATED_OSMIUM;10002.0;14.0;10000.0;25.0;9999.0;29.0;10018.0;14.0;10020.0;29.0;;;10010.0;0.0
1;2700;INTARIAN_PEPPER_ROOT;12996.0;11.0;12995.0;11.0;12992.0;19.0;12998.0;8.0;13009.0;8.0;13010.0;11.0;12997.0;0.0
1;2800;ASH_COATED_OSMIUM;10002.0;11.0;10000.0;21.0;9999.0;22.0;10020.0;22.0;;;;;10011.0;0.0
1;2800;INTARIAN_PEPPER_ROOT;12996.0;12.0;;;;;13010.0;12.0;13011.0;23.0;13013.0;25.0;13003.0;0.0
1;2900;ASH_COATED_OSMIUM;10001.0;15.0;10000.0;11.0;9999.0;21.0;10020.0;21.0;;;;;10010.5;0.0
1;2900;INTARIAN_PEPPER_ROOT;13006.0;8.0;12996.0;12.0;12995.0;25.0;13010.0;12.0;13013.0;25.0;;;13008.0;0.0
1;3000;ASH_COATED_OSMIUM;10002.0;13.0;10001.0;13.0;9999.0;27.0;10018.0;13.0;10019.0;25.0;10020.0;27.0;10010.0;0.0
1;3000;INTARIAN_PEPPER_ROOT;12996.0;9.0;12995.0;24.0;12993.0;21.0;13013.0;21.0;;;;;13004.5;0.0
1;3100;ASH_COATED_OSMIUM;10001.0;10.0;;;;;10017.0;10.0;10019.0;23.0;10020.0;25.0;10009.0;0.0
1;3100;INTARIAN_PEPPER_ROOT;12996.0;11.0;12994.0;8.0;12993.0;21.0;13010.0;11.0;;;;;13003.0;0.0
1;3200;ASH_COATED_OSMIUM;10001.0;12.0;10000.0;13.0;9999.0;28.0;10017.0;12.0;10019.0;12.0;10020.0;28.0;10009.0;0.0
1;3200;INTARIAN_PEPPER_ROOT;12996.0;9.0;12995.0;8.0;12995.0;11.0;13010.0;9.0;13013.0;25.0;;;13003.0;0.0
1;3300;ASH_COATED_OSMIUM;10001.0;12.0;;;;;10017.0;12.0;10019.0;11.0;10019.0;27.0;10009.0;0.0
1;3300;INTARIAN_PEPPER_ROOT;12996.0;10.0;12994.0;15.0;12993.0;17.0;13010.0;10.0;13014.0;17.0;;;13003.0;0.0
1;3400;ASH_COATED_OSMIUM;10001.0;11.0;10000.0;27.0;9999.0;25.0;10017.0;11.0;10020.0;25.0;;;10009.0;0.0
1;3400;INTARIAN_PEPPER_ROOT;12996.0;12.0;12994.0;10.0;12993.0;24.0;13010.0;12.0;13011.0;17.0;13014.0;24.0;13003.0;0.0
1;3500;ASH_COATED_OSMIUM;9999.0;21.0;;;;;10017.0;10.0;10019.0;15.0;10020.0;21.0;10008.0;0.0
1;3500;INTARIAN_PEPPER_ROOT;12996.0;11.0;12995.0;17.0;12993.0;25.0;13011.0;11.0;13013.0;24.0;13014.0;25.0;13003.5;0.0
1;3600;ASH_COATED_OSMIUM;10001.0;10.0;10000.0;13.0;9998.0;30.0;10017.0;10.0;10018.0;13.0;10019.0;30.0;10009.0;0.0
1;3600;INTARIAN_PEPPER_ROOT;12997.0;10.0;;;;;13011.0;10.0;13012.0;19.0;13014.0;22.0;13004.0;0.0
1;3700;ASH_COATED_OSMIUM;10000.0;15.0;;;;;10016.0;15.0;10018.0;15.0;10019.0;24.0;10008.0;0.0
1;3700;INTARIAN_PEPPER_ROOT;12997.0;8.0;12996.0;17.0;12993.0;25.0;13011.0;8.0;13014.0;25.0;;;13004.0;0.0
1;3800;ASH_COATED_OSMIUM;10006.0;5.0;10003.0;20.0;10001.0;13.0;10019.0;29.0;;;;;10012.5;0.0
1;3800;INTARIAN_PEPPER_ROOT;12997.0;10.0;12995.0;16.0;12994.0;19.0;13011.0;10.0;13014.0;19.0;;;13004.0;0.0
1;3900;ASH_COATED_OSMIUM;10001.0;13.0;;;;;10017.0;13.0;10018.0;13.0;10019.0;26.0;10009.0;0.0
1;3900;INTARIAN_PEPPER_ROOT;12997.0;9.0;12996.0;17.0;12994.0;25.0;13011.0;9.0;13014.0;25.0;;;13004.0;0.0
1;4000;ASH_COATED_OSMIUM;9998.0;30.0;;;;;10016.0;15.0;10017.0;10.0;10018.0;13.0;10007.0;0.0
1;4000;INTARIAN_PEPPER_ROOT;12997.0;12.0;;;;;13011.0;12.0;;;;;13004.0;0.0
1;4100;ASH_COATED_OSMIUM;10006.0;3.0;10004.0;10.0;10002.0;11.0;10016.0;14.0;10019.0;25.0;;;10011.0;0.0
1;4100;INTARIAN_PEPPER_ROOT;12997.0;8.0;12995.0;15.0;12994.0;25.0;13011.0;8.0;13013.0;11.0;13014.0;25.0;13004.0;0.0
1;4200;ASH_COATED_OSMIUM;10001.0;10.0;9999.0;26.0;9998.0;26.0;10017.0;10.0;;;;;10009.0;0.0
1;4200;INTARIAN_PEPPER_ROOT;12997.0;10.0;12996.0;11.0;12994.0;19.0;13011.0;10.0;13013.0;15.0;13014.0;19.0;13004.0;0.0
1;4300;ASH_COATED_OSMIUM;9999.0;24.0;;;;;10017.0;12.0;;;;;10008.0;0.0
1;4300;INTARIAN_PEPPER_ROOT;12997.0;11.0;12996.0;10.0;12994.0;25.0;13011.0;11.0;13013.0;23.0;13015.0;25.0;13004.0;0.0
1;4400;ASH_COATED_OSMIUM;10001.0;10.0;10000.0;26.0;9999.0;22.0;10017.0;10.0;10020.0;22.0;;;10009.0;0.0
1;4400;INTARIAN_PEPPER_ROOT;12997.0;10.0;;;;;13011.0;10.0;13012.0;21.0;13014.0;8.0;13004.0;0.0
1;4500;ASH_COATED_OSMIUM;10002.0;14.0;10001.0;14.0;9999.0;26.0;10018.0;14.0;10019.0;26.0;10020.0;26.0;10010.0;0.0
1;4500;INTARIAN_PEPPER_ROOT;12997.0;11.0;12996.0;21.0;12994.0;15.0;13012.0;11.0;13015.0;15.0;;;13004.5;0.0
1;4600;ASH_COATED_OSMIUM;10002.0;15.0;10001.0;26.0;9999.0;21.0;10018.0;15.0;10020.0;21.0;;;10010.0;0.0
1;4600;INTARIAN_PEPPER_ROOT;12998.0;9.0;12996.0;12.0;12994.0;22.0;13012.0;9.0;13014.0;12.0;13015.0;22.0;13005.0;0.0
1;4700;ASH_COATED_OSMIUM;10001.0;14.0;10000.0;28.0;9999.0;27.0;10017.0;14.0;10020.0;27.0;;;10009.0;0.0
1;4700;INTARIAN_PEPPER_ROOT;12998.0;12.0;12997.0;6.0;12996.0;10.0;13012.0;12.0;13015.0;15.0;;;13005.0;0.0
1;4800;ASH_COATED_OSMIUM;9998.0;28.0;;;;;10017.0;10.0;10018.0;28.0;10019.0;28.0;10007.5;0.0
1;4800;INTARIAN_PEPPER_ROOT;12998.0;11.0;12996.0;12.0;12995.0;21.0;13007.0;4.0;13012.0;18.0;13015.0;21.0;13002.5;0.0
1;4900;ASH_COATED_OSMIUM;10001.0;15.0;10000.0;11.0;9999.0;27.0;10017.0;15.0;10019.0;30.0;10020.0;27.0;10009.0;0.0
1;4900;INTARIAN_PEPPER_ROOT;12998.0;12.0;;;;;13012.0;12.0;13014.0;15.0;13015.0;16.0;13005.0;0.0
1;5000;ASH_COATED_OSMIUM;10001.0;12.0;10000.0;12.0;9999.0;29.0;10017.0;12.0;10018.0;24.0;10020.0;29.0;10009.0;0.0
1;5000;INTARIAN_PEPPER_ROOT;12998.0;10.0;12995.0;23.0;;;;;;;;;12998.0;0.0
1;5100;ASH_COATED_OSMIUM;9998.0;24.0;;;;;10017.0;11.0;10018.0;20.0;10019.0;24.0;10007.5;0.0
1;5100;INTARIAN_PEPPER_ROOT;12998.0;11.0;12996.0;10.0;12995.0;25.0;13012.0;11.0;;;;;13005.0;0.0
1;5200;ASH_COATED_OSMIUM;9998.0;29.0;;;;;10017.0;15.0;;;;;10007.5;0.0
1;5200;INTARIAN_PEPPER_ROOT;12998.0;12.0;12997.0;18.0;12995.0;19.0;;;;;;;12998.0;0.0
1;5300;ASH_COATED_OSMIUM;9999.0;21.0;;;;;10017.0;15.0;10018.0;12.0;10019.0;15.0;10008.0;0.0
1;5300;INTARIAN_PEPPER_ROOT;12998.0;8.0;12997.0;12.0;12995.0;21.0;13012.0;8.0;13014.0;10.0;13016.0;21.0;13005.0;0.0
1;5400;ASH_COATED_OSMIUM;10001.0;14.0;10000.0;20.0;9999.0;20.0;10020.0;20.0;;;;;10010.5;0.0
1;5400;INTARIAN_PEPPER_ROOT;12998.0;8.0;12997.0;12.0;12995.0;16.0;13012.0;8.0;13016.0;16.0;;;13005.0;0.0
1;5500;ASH_COATED_OSMIUM;10001.0;13.0;10000.0;24.0;9999.0;28.0;10020.0;28.0;;;;;10010.5;0.0
1;5500;INTARIAN_PEPPER_ROOT;12998.0;10.0;12997.0;12.0;12995.0;24.0;13016.0;24.0;;;;;13007.0;0.0
1;5600;ASH_COATED_OSMIUM;10001.0;14.0;;;;;10017.0;14.0;10018.0;13.0;10019.0;21.0;10009.0;0.0
1;5600;INTARIAN_PEPPER_ROOT;12999.0;11.0;12998.0;16.0;12995.0;19.0;13013.0;11.0;;;;;13006.0;0.0
1;5700;ASH_COATED_OSMIUM;10001.0;12.0;9999.0;14.0;9998.0;29.0;10017.0;12.0;10018.0;24.0;10019.0;29.0;10009.0;0.0
1;5700;INTARIAN_PEPPER_ROOT;12999.0;8.0;12998.0;10.0;12995.0;19.0;13013.0;8.0;13015.0;17.0;13016.0;19.0;13006.0;0.0
1;5800;ASH_COATED_OSMIUM;10001.0;10.0;;;;;10017.0;10.0;10019.0;24.0;10020.0;28.0;10009.0;0.0
1;5800;INTARIAN_PEPPER_ROOT;12996.0;22.0;;;;;13016.0;22.0;;;;;13006.0;0.0
1;5900;ASH_COATED_OSMIUM;10002.0;15.0;10000.0;29.0;9999.0;29.0;10018.0;15.0;10020.0;29.0;;;10010.0;0.0
1;5900;INTARIAN_PEPPER_ROOT;12999.0;10.0;12997.0;17.0;12996.0;23.0;13013.0;10.0;13016.0;23.0;;;13006.0;0.0
1;6000;ASH_COATED_OSMIUM;10001.0;15.0;10000.0;10.0;10000.0;30.0;10017.0;15.0;10020.0;30.0;;;10009.0;0.0
1;6000;INTARIAN_PEPPER_ROOT;12996.0;19.0;;;;;13013.0;11.0;13014.0;24.0;13015.0;12.0;13004.5;0.0
1;6100;ASH_COATED_OSMIUM;9999.0;28.0;;;;;10020.0;28.0;;;;;10009.5;0.0
1;6100;INTARIAN_PEPPER_ROOT;12996.0;22.0;;;;;13013.0;9.0;13014.0;23.0;13016.0;22.0;13004.5;0.0
1;6200;ASH_COATED_OSMIUM;10001.0;11.0;9999.0;24.0;9998.0;20.0;10017.0;11.0;;;;;10009.0;0.0
1;6200;INTARIAN_PEPPER_ROOT;12999.0;10.0;12997.0;18.0;12996.0;15.0;13013.0;10.0;13016.0;15.0;;;13006.0;0.0
1;6300;ASH_COATED_OSMIUM;9998.0;22.0;;;;;10017.0;12.0;10018.0;13.0;10018.0;13.0;10007.5;0.0
1;6300;INTARIAN_PEPPER_ROOT;12999.0;11.0;;;;;13013.0;11.0;13016.0;12.0;13017.0;24.0;13006.0;0.0
1;6400;ASH_COATED_OSMIUM;10001.0;14.0;9999.0;12.0;9998.0;23.0;10017.0;14.0;10018.0;13.0;10019.0;23.0;10009.0;0.0
1;6400;INTARIAN_PEPPER_ROOT;12996.0;22.0;;;;;13013.0;9.0;13015.0;25.0;13017.0;22.0;13004.5;0.0
1;6500;ASH_COATED_OSMIUM;10001.0;13.0;;;;;10017.0;13.0;10019.0;24.0;10020.0;24.0;10009.0;0.0
1;6500;INTARIAN_PEPPER_ROOT;;;;;;;;;;;;;0.0;0.0
1;6600;ASH_COATED_OSMIUM;10001.0;15.0;10000.0;15.0;9998.0;25.0;10017.0;15.0;10018.0;11.0;10019.0;25.0;10009.0;0.0
1;6600;INTARIAN_PEPPER_ROOT;13000.0;12.0;;;;;;;;;;;13000.0;0.0
1;6700;ASH_COATED_OSMIUM;9998.0;29.0;;;;;10019.0;29.0;;;;;10008.5;0.0
1;6700;INTARIAN_PEPPER_ROOT;13000.0;8.0;12999.0;17.0;12996.0;22.0;13014.0;8.0;13017.0;22.0;;;13007.0;0.0
1;6800;ASH_COATED_OSMIUM;10001.0;10.0;9999.0;30.0;9998.0;30.0;10017.0;10.0;10019.0;30.0;;;10009.0;0.0
1;6800;INTARIAN_PEPPER_ROOT;13000.0;12.0;;;;;13014.0;12.0;13015.0;9.0;13015.0;21.0;13007.0;0.0
1;6900;ASH_COATED_OSMIUM;10001.0;12.0;10000.0;28.0;9998.0;22.0;10019.0;22.0;;;;;10010.0;0.0
1;6900;INTARIAN_PEPPER_ROOT;13000.0;9.0;12998.0;8.0;12997.0;19.0;13017.0;19.0;;;;;13008.5;0.0
1;7000;ASH_COATED_OSMIUM;10001.0;11.0;;;;;10017.0;11.0;10018.0;27.0;10019.0;22.0;10009.0;0.0
1;7000;INTARIAN_PEPPER_ROOT;13000.0;9.0;12998.0;9.0;12997.0;24.0;13014.0;9.0;13016.0;10.0;13017.0;24.0;13007.0;0.0
1;7100;ASH_COATED_OSMIUM;9998.0;25.0;;;;;10019.0;25.0;;;;;10008.5;0.0
1;7100;INTARIAN_PEPPER_ROOT;13000.0;12.0;12999.0;11.0;12997.0;15.0;13014.0;12.0;13016.0;16.0;13017.0;15.0;13007.0;0.0
1;7200;ASH_COATED_OSMIUM;10006.0;2.0;10004.0;13.0;10001.0;11.0;10017.0;11.0;10019.0;20.0;;;10011.5;0.0
1;7200;INTARIAN_PEPPER_ROOT;13000.0;9.0;12999.0;17.0;12997.0;23.0;13014.0;9.0;13017.0;23.0;;;13007.0;0.0
1;7300;ASH_COATED_OSMIUM;10001.0;11.0;9999.0;24.0;9998.0;21.0;10017.0;11.0;10019.0;21.0;;;10009.0;0.0
1;7300;INTARIAN_PEPPER_ROOT;13000.0;9.0;12999.0;10.0;12997.0;17.0;13014.0;9.0;13017.0;8.0;13018.0;17.0;13007.0;0.0
1;7400;ASH_COATED_OSMIUM;10001.0;15.0;10000.0;10.0;9999.0;28.0;10017.0;15.0;10019.0;26.0;;;10009.0;0.0
1;7400;INTARIAN_PEPPER_ROOT;13000.0;10.0;12999.0;19.0;12997.0;23.0;13014.0;10.0;;;;;13007.0;0.0
1;7500;ASH_COATED_OSMIUM;;;;;;;10017.0;14.0;10018.0;15.0;10019.0;21.0;10017.0;0.0
1;7500;INTARIAN_PEPPER_ROOT;13000.0;9.0;12998.0;11.0;12997.0;20.0;13015.0;9.0;13017.0;24.0;13018.0;20.0;13007.5;0.0
1;7600;ASH_COATED_OSMIUM;9999.0;30.0;;;;;10007.0;5.0;10012.0;10.0;10017.0;14.0;10003.0;0.0
1;7600;INTARIAN_PEPPER_ROOT;13001.0;9.0;12999.0;22.0;12997.0;19.0;13015.0;9.0;13018.0;19.0;;;13008.0;0.0
1;7700;ASH_COATED_OSMIUM;10001.0;10.0;;;;;10017.0;10.0;10019.0;25.0;;;10009.0;0.0
1;7700;INTARIAN_PEPPER_ROOT;13001.0;8.0;12998.0;10.0;12997.0;20.0;13015.0;8.0;13016.0;15.0;13018.0;20.0;13008.0;0.0
1;7800;ASH_COATED_OSMIUM;10000.0;11.0;9999.0;29.0;9998.0;22.0;10016.0;11.0;10019.0;22.0;;;10008.0;0.0
1;7800;INTARIAN_PEPPER_ROOT;12998.0;17.0;;;;;13015.0;12.0;13016.0;9.0;13017.0;10.0;13006.5;0.0
1;7900;ASH_COATED_OSMIUM;;;;;;;10016.0;13.0;10019.0;23.0;;;10016.0;0.0
1;7900;INTARIAN_PEPPER_ROOT;13001.0;12.0;13000.0;21.0;12998.0;23.0;13015.0;12.0;13018.0;23.0;;;13008.0;0.0
1;8000;ASH_COATED_OSMIUM;10000.0;15.0;9999.0;20.0;9997.0;22.0;10018.0;22.0;;;;;10009.0;0.0
1;8000;INTARIAN_PEPPER_ROOT;13001.0;8.0;;;;;13018.0;24.0;;;;;13009.5;0.0
1;8100;ASH_COATED_OSMIUM;9998.0;30.0;;;;;10016.0;10.0;10017.0;14.0;10018.0;5.0;10007.0;0.0
1;8100;INTARIAN_PEPPER_ROOT;13001.0;9.0;13000.0;19.0;12998.0;18.0;13015.0;9.0;13018.0;18.0;;;13008.0;0.0
1;8200;ASH_COATED_OSMIUM;9997.0;24.0;;;;;10016.0;12.0;10017.0;12.0;10017.0;22.0;10006.5;0.0
1;8200;INTARIAN_PEPPER_ROOT;13001.0;12.0;12999.0;9.0;12998.0;19.0;13015.0;12.0;13017.0;10.0;13018.0;19.0;13008.0;0.0
1;8300;ASH_COATED_OSMIUM;10000.0;15.0;9999.0;10.0;9998.0;23.0;10016.0;15.0;10017.0;22.0;10019.0;23.0;10008.0;0.0
1;8300;INTARIAN_PEPPER_ROOT;13001.0;8.0;;;;;13015.0;8.0;13017.0;8.0;13017.0;9.0;13008.0;0.0
1;8400;ASH_COATED_OSMIUM;9999.0;23.0;;;;;10017.0;13.0;10018.0;11.0;10019.0;20.0;10008.0;0.0
1;8400;INTARIAN_PEPPER_ROOT;13001.0;9.0;12999.0;20.0;12998.0;24.0;13015.0;9.0;13019.0;24.0;;;13008.0;0.0
1;8500;ASH_COATED_OSMIUM;10001.0;14.0;9999.0;15.0;9998.0;21.0;10017.0;14.0;10018.0;20.0;10019.0;21.0;10009.0;0.0
1;8500;INTARIAN_PEPPER_ROOT;13001.0;10.0;13000.0;22.0;12998.0;19.0;13016.0;10.0;;;;;13008.5;0.0
1;8600;ASH_COATED_OSMIUM;10001.0;13.0;9999.0;30.0;9998.0;24.0;10017.0;13.0;10019.0;24.0;;;10009.0;0.0
1;8600;INTARIAN_PEPPER_ROOT;13002.0;10.0;12999.0;20.0;12998.0;22.0;13016.0;10.0;13019.0;22.0;;;13009.0;0.0
1;8700;ASH_COATED_OSMIUM;10001.0;11.0;9999.0;13.0;9998.0;30.0;10017.0;11.0;10018.0;14.0;10019.0;30.0;10009.0;0.0
1;8700;INTARIAN_PEPPER_ROOT;13002.0;9.0;13000.0;25.0;12998.0;17.0;13019.0;17.0;;;;;13010.5;0.0
1;8800;ASH_COATED_OSMIUM;9998.0;22.0;;;;;10019.0;22.0;;;;;10008.5;0.0
1;8800;INTARIAN_PEPPER_ROOT;13002.0;10.0;13001.0;15.0;12999.0;23.0;13019.0;23.0;;;;;13010.5;0.0
1;8900;ASH_COATED_OSMIUM;9998.0;27.0;;;;;10010.0;5.0;10016.0;15.0;10017.0;11.0;10004.0;0.0
1;8900;INTARIAN_PEPPER_ROOT;13002.0;8.0;13001.0;19.0;12999.0;24.0;13016.0;8.0;13019.0;24.0;;;13009.0;0.0
1;9000;ASH_COATED_OSMIUM;;;;;;;10017.0;14.0;10018.0;15.0;10019.0;20.0;10017.0;0.0
1;9000;INTARIAN_PEPPER_ROOT;13002.0;12.0;13000.0;10.0;12999.0;22.0;13016.0;12.0;;;;;13009.0;0.0
1;9100;ASH_COATED_OSMIUM;10006.0;4.0;10000.0;12.0;9999.0;29.0;10016.0;12.0;;;;;10011.0;0.0
1;9100;INTARIAN_PEPPER_ROOT;13002.0;12.0;13000.0;11.0;12999.0;20.0;13016.0;12.0;13018.0;10.0;13019.0;20.0;13009.0;0.0
1;9200;ASH_COATED_OSMIUM;9998.0;21.0;;;;;10016.0;12.0;10017.0;24.0;10019.0;21.0;10007.0;0.0
1;9200;INTARIAN_PEPPER_ROOT;13002.0;12.0;13000.0;12.0;12999.0;15.0;13019.0;15.0;;;;;13010.5;0.0
1;9300;ASH_COATED_OSMIUM;10000.0;12.0;;;;;10016.0;12.0;10019.0;23.0;;;10008.0;0.0
1;9300;INTARIAN_PEPPER_ROOT;13002.0;11.0;13001.0;19.0;12999.0;23.0;13016.0;11.0;13020.0;23.0;;;13009.0;0.0
1;9400;ASH_COATED_OSMIUM;10000.0;10.0;9999.0;10.0;9999.0;10.0;10006.0;10.0;10009.0;11.0;10016.0;10.0;10003.0;0.0
1;9400;INTARIAN_PEPPER_ROOT;13002.0;11.0;13000.0;10.0;12999.0;24.0;13020.0;24.0;;;;;13011.0;0.0
1;9500;ASH_COATED_OSMIUM;9999.0;14.0;9998.0;11.0;9997.0;27.0;10015.0;14.0;10016.0;11.0;10018.0;27.0;10007.0;0.0
1;9500;INTARIAN_PEPPER_ROOT;12999.0;20.0;;;;;13017.0;11.0;13018.0;7.0;13019.0;12.0;13008.0;0.0
1;9600;ASH_COATED_OSMIUM;9999.0;10.0;9998.0;22.0;9997.0;30.0;10015.0;10.0;10018.0;30.0;;;10007.0;0.0
1;9600;INTARIAN_PEPPER_ROOT;13003.0;12.0;13001.0;17.0;12999.0;20.0;13017.0;12.0;13020.0;20.0;;;13010.0;0.0
1;9700;ASH_COATED_OSMIUM;9997.0;26.0;;;;;10018.0;26.0;;;;;10007.5;0.0
1;9700;INTARIAN_PEPPER_ROOT;13003.0;10.0;13000.0;12.0;12999.0;23.0;13017.0;10.0;13019.0;20.0;13020.0;23.0;13010.0;0.0
1;9800;ASH_COATED_OSMIUM;9999.0;13.0;9998.0;12.0;9997.0;29.0;10015.0;13.0;10017.0;21.0;10018.0;29.0;10007.0;0.0
1;9800;INTARIAN_PEPPER_ROOT;13003.0;11.0;13002.0;18.0;13000.0;16.0;13017.0;11.0;;;;;13010.0;0.0
1;9900;ASH_COATED_OSMIUM;9999.0;11.0;9998.0;24.0;9996.0;29.0;10015.0;11.0;10017.0;29.0;;;10007.0;0.0
1;9900;INTARIAN_PEPPER_ROOT;13003.0;12.0;13002.0;11.0;13000.0;17.0;13005.0;8.0;13012.0;12.0;13017.0;12.0;13004.0;0.0
1;10000;ASH_COATED_OSMIUM;9999.0;13.0;9998.0;15.0;9997.0;23.0;10015.0;13.0;10017.0;10.0;10018.0;23.0;10007.0;0.0
1;10000;INTARIAN_PEPPER_ROOT;13003.0;12.0;13001.0;16.0;13000.0;18.0;13017.0;12.0;13020.0;18.0;;;13010.0;0.0
1;10100;ASH_COATED_OSMIUM;9999.0;10.0;9998.0;14.0;9996.0;22.0;10015.0;10.0;10016.0;10.0;10017.0;22.0;10007.0;0.0
1;10100;INTARIAN_PEPPER_ROOT;13003.0;12.0;;;;;;;;;;;13003.0;0.0
1;10200;ASH_COATED_OSMIUM;9999.0;11.0;9998.0;23.0;9997.0;23.0;10018.0;23.0;;;;;10008.5;0.0
1;10200;INTARIAN_PEPPER_ROOT;13003.0;10.0;13001.0;18.0;13000.0;20.0;13017.0;10.0;;;;;13010.0;0.0
1;10300;ASH_COATED_OSMIUM;10000.0;12.0;9999.0;27.0;9997.0;21.0;10016.0;12.0;10018.0;21.0;;;10008.0;0.0
1;10300;INTARIAN_PEPPER_ROOT;;;;;;;13017.0;9.0;13020.0;10.0;13021.0;15.0;13017.0;0.0
1;10400;ASH_COATED_OSMIUM;10000.0;12.0;9999.0;11.0;9997.0;21.0;10018.0;21.0;;;;;10009.0;0.0
1;10400;INTARIAN_PEPPER_ROOT;13003.0;8.0;13002.0;10.0;13000.0;23.0;13017.0;8.0;13018.0;10.0;13021.0;23.0;13010.0;0.0
1;10500;ASH_COATED_OSMIUM;9999.0;11.0;9998.0;25.0;9997.0;29.0;10015.0;11.0;10018.0;29.0;;;10007.0;0.0
1;10500;INTARIAN_PEPPER_ROOT;13000.0;19.0;;;;;13021.0;19.0;;;;;13010.5;0.0
1;10600;ASH_COATED_OSMIUM;10000.0;11.0;9998.0;27.0;9997.0;26.0;10016.0;11.0;10018.0;26.0;;;10008.0;0.0
1;10600;INTARIAN_PEPPER_ROOT;13004.0;12.0;13003.0;12.0;13000.0;16.0;13018.0;12.0;13020.0;8.0;13021.0;16.0;13011.0;0.0
1;10700;ASH_COATED_OSMIUM;10009.0;5.0;10002.0;14.0;9999.0;13.0;;;;;;;10009.0;0.0
1;10700;INTARIAN_PEPPER_ROOT;13014.0;4.0;13008.0;10.0;13004.0;12.0;13018.0;12.0;13020.0;10.0;13021.0;22.0;13016.0;0.0
1;10800;ASH_COATED_OSMIUM;9999.0;12.0;9997.0;20.0;9996.0;23.0;10015.0;12.0;10017.0;23.0;;;10007.0;0.0
1;10800;INTARIAN_PEPPER_ROOT;13004.0;9.0;13002.0;18.0;13001.0;20.0;13018.0;9.0;13021.0;20.0;;;13011.0;0.0
1;10900;ASH_COATED_OSMIUM;9999.0;13.0;;;;;10015.0;13.0;10016.0;25.0;10017.0;30.0;10007.0;0.0
1;10900;INTARIAN_PEPPER_ROOT;13004.0;9.0;13002.0;12.0;13001.0;18.0;13018.0;9.0;;;;;13011.0;0.0
1;11000;ASH_COATED_OSMIUM;9998.0;11.0;9997.0;13.0;9995.0;24.0;10007.0;5.0;10012.0;3.0;10014.0;11.0;10002.5;0.0
1;11000;INTARIAN_PEPPER_ROOT;13004.0;9.0;13002.0;12.0;13001.0;16.0;13018.0;9.0;;;;;13011.0;0.0
1;11100;ASH_COATED_OSMIUM;9998.0;14.0;9997.0;20.0;9995.0;25.0;10014.0;14.0;10016.0;25.0;;;10006.0;0.0
1;11100;INTARIAN_PEPPER_ROOT;13004.0;9.0;13003.0;19.0;13001.0;22.0;13018.0;9.0;13021.0;22.0;;;13011.0;0.0
1;11200;ASH_COATED_OSMIUM;9998.0;10.0;;;;;10014.0;10.0;10015.0;20.0;10016.0;26.0;10006.0;0.0
1;11200;INTARIAN_PEPPER_ROOT;13001.0;24.0;;;;;13018.0;8.0;13020.0;15.0;13021.0;24.0;13009.5;0.0
1;11300;ASH_COATED_OSMIUM;9997.0;12.0;9996.0;30.0;9995.0;29.0;10013.0;12.0;10016.0;29.0;;;10005.0;0.0
1;11300;INTARIAN_PEPPER_ROOT;13004.0;10.0;13002.0;22.0;13001.0;18.0;13018.0;10.0;13022.0;18.0;;;13011.0;0.0
1;11400;ASH_COATED_OSMIUM;9997.0;15.0;9996.0;21.0;9995.0;22.0;10013.0;15.0;10016.0;22.0;;;10005.0;0.0
1;11400;INTARIAN_PEPPER_ROOT;13004.0;11.0;13002.0;8.0;13001.0;18.0;13022.0;18.0;;;;;13013.0;0.0
1;11500;ASH_COATED_OSMIUM;9997.0;15.0;9995.0;26.0;9994.0;27.0;10013.0;15.0;10015.0;27.0;;;10005.0;0.0
1;11500;INTARIAN_PEPPER_ROOT;13004.0;8.0;13003.0;11.0;13001.0;25.0;13019.0;8.0;;;;;13011.5;0.0
1;11600;ASH_COATED_OSMIUM;9997.0;11.0;9996.0;29.0;9995.0;30.0;10013.0;11.0;10016.0;30.0;;;10005.0;0.0
1;11600;INTARIAN_PEPPER_ROOT;13005.0;12.0;13002.0;9.0;13001.0;23.0;13019.0;12.0;13020.0;9.0;13022.0;23.0;13012.0;0.0
1;11700;ASH_COATED_OSMIUM;9998.0;15.0;9996.0;14.0;9995.0;22.0;10014.0;15.0;10015.0;13.0;10016.0;22.0;10006.0;0.0
1;11700;INTARIAN_PEPPER_ROOT;13005.0;10.0;13001.0;17.0;;;;;;;;;13005.0;0.0
1;11800;ASH_COATED_OSMIUM;9997.0;14.0;9996.0;30.0;9995.0;25.0;10016.0;25.0;;;;;10006.5;0.0
1;11800;INTARIAN_PEPPER_ROOT;13005.0;8.0;13004.0;11.0;13002.0;17.0;13019.0;8.0;13021.0;18.0;13022.0;17.0;13012.0;0.0
1;11900;ASH_COATED_OSMIUM;9997.0;11.0;;;;;10015.0;20.0;;;;;10006.0;0.0
1;11900;INTARIAN_PEPPER_ROOT;13005.0;10.0;13004.0;12.0;13002.0;20.0;13019.0;10.0;13020.0;20.0;13022.0;20.0;13012.0;0.0
1;12000;ASH_COATED_OSMIUM;9997.0;10.0;;;;;10013.0;10.0;10014.0;22.0;10015.0;22.0;10005.0;0.0
1;12000;INTARIAN_PEPPER_ROOT;13005.0;10.0;13004.0;10.0;13002.0;25.0;13019.0;10.0;13021.0;10.0;13022.0;25.0;13012.0;0.0
1;12100;ASH_COATED_OSMIUM;9998.0;14.0;;;;;;;;;;;9998.0;0.0
1;12100;INTARIAN_PEPPER_ROOT;13002.0;24.0;;;;;13019.0;12.0;;;;;13010.5;0.0
1;12200;ASH_COATED_OSMIUM;9997.0;13.0;9996.0;28.0;9995.0;24.0;10016.0;24.0;;;;;10006.5;0.0
1;12200;INTARIAN_PEPPER_ROOT;13005.0;10.0;;;;;13019.0;10.0;13020.0;20.0;13022.0;22.0;13012.0;0.0
1;12300;ASH_COATED_OSMIUM;9997.0;11.0;9996.0;27.0;9995.0;20.0;10016.0;20.0;;;;;10006.5;0.0
1;12300;INTARIAN_PEPPER_ROOT;13002.0;23.0;;;;;13019.0;11.0;13020.0;8.0;13020.0;11.0;13010.5;0.0
1;12400;ASH_COATED_OSMIUM;9997.0;14.0;9996.0;21.0;9995.0;28.0;10013.0;14.0;10016.0;28.0;;;10005.0;0.0
1;12400;INTARIAN_PEPPER_ROOT;13005.0;12.0;13003.0;8.0;13003.0;19.0;13019.0;12.0;13023.0;25.0;;;13012.0;0.0
1;12500;ASH_COATED_OSMIUM;9997.0;15.0;;;;;10013.0;15.0;10014.0;13.0;10015.0;22.0;10005.0;0.0
1;12500;INTARIAN_PEPPER_ROOT;13005.0;8.0;;;;;13020.0;8.0;13022.0;12.0;13023.0;16.0;13012.5;0.0
1;12600;ASH_COATED_OSMIUM;9997.0;11.0;9996.0;26.0;9994.0;28.0;10013.0;11.0;10015.0;28.0;;;10005.0;0.0
1;12600;INTARIAN_PEPPER_ROOT;13002.0;18.0;;;;;13008.0;3.0;13020.0;10.0;13021.0;8.0;13005.0;0.0
1;12700;ASH_COATED_OSMIUM;9994.0;23.0;;;;;10013.0;15.0;10014.0;15.0;10014.0;21.0;10003.5;0.0
1;12700;INTARIAN_PEPPER_ROOT;13006.0;11.0;13004.0;8.0;13002.0;20.0;13020.0;11.0;13022.0;9.0;13023.0;20.0;13013.0;0.0
1;12800;ASH_COATED_OSMIUM;9997.0;15.0;9995.0;12.0;9994.0;23.0;10013.0;15.0;10014.0;13.0;10015.0;23.0;10005.0;0.0
1;12800;INTARIAN_PEPPER_ROOT;13006.0;11.0;13005.0;15.0;13003.0;19.0;13020.0;11.0;13023.0;19.0;;;13013.0;0.0
1;12900;ASH_COATED_OSMIUM;9997.0;14.0;9995.0;14.0;9994.0;29.0;10013.0;14.0;10014.0;13.0;10015.0;29.0;10005.0;0.0
1;12900;INTARIAN_PEPPER_ROOT;13003.0;20.0;;;;;13020.0;10.0;;;;;13011.5;0.0
1;13000;ASH_COATED_OSMIUM;9997.0;13.0;9995.0;30.0;9994.0;25.0;10013.0;13.0;10015.0;25.0;;;10005.0;0.0
1;13000;INTARIAN_PEPPER_ROOT;13006.0;11.0;;;;;13020.0;11.0;13022.0;15.0;13023.0;20.0;13013.0;0.0
1;13100;ASH_COATED_OSMIUM;9997.0;15.0;;;;;10013.0;15.0;;;;;10005.0;0.0
1;13100;INTARIAN_PEPPER_ROOT;13006.0;12.0;13005.0;16.0;13003.0;16.0;13020.0;12.0;13023.0;16.0;;;13013.0;0.0
1;13200;ASH_COATED_OSMIUM;9997.0;12.0;9995.0;10.0;9994.0;20.0;10013.0;12.0;10014.0;21.0;10015.0;20.0;10005.0;0.0
1;13200;INTARIAN_PEPPER_ROOT;13006.0;12.0;13005.0;17.0;13003.0;20.0;13020.0;12.0;13023.0;20.0;;;13013.0;0.0
1;13300;ASH_COATED_OSMIUM;9997.0;15.0;9996.0;24.0;9994.0;29.0;10015.0;29.0;;;;;10006.0;0.0
1;13300;INTARIAN_PEPPER_ROOT;13006.0;12.0;13005.0;8.0;13004.0;10.0;13020.0;12.0;13021.0;11.0;13024.0;25.0;13013.0;0.0
1;13400;ASH_COATED_OSMIUM;9996.0;12.0;9995.0;5.0;9994.0;29.0;;;;;;;9996.0;0.0
1;13400;INTARIAN_PEPPER_ROOT;13006.0;8.0;13005.0;10.0;13003.0;24.0;13020.0;8.0;;;;;13013.0;0.0
1;13500;ASH_COATED_OSMIUM;9996.0;15.0;9995.0;15.0;9994.0;21.0;10012.0;15.0;10013.0;13.0;10015.0;21.0;10004.0;0.0
1;13500;INTARIAN_PEPPER_ROOT;13006.0;9.0;13005.0;24.0;13003.0;21.0;13024.0;21.0;;;;;13015.0;0.0
1;13600;ASH_COATED_OSMIUM;9997.0;11.0;9995.0;30.0;9994.0;30.0;10015.0;30.0;;;;;10006.0;0.0
1;13600;INTARIAN_PEPPER_ROOT;13007.0;12.0;13006.0;25.0;13003.0;22.0;13021.0;12.0;13024.0;22.0;;;13014.0;0.0
1;13700;ASH_COATED_OSMIUM;9994.0;29.0;;;;;10015.0;29.0;;;;;10004.5;0.0
1;13700;INTARIAN_PEPPER_ROOT;13007.0;12.0;13004.0;16.0;13003.0;22.0;13021.0;12.0;;;;;13014.0;0.0
1;13800;ASH_COATED_OSMIUM;9996.0;12.0;;;;;;;;;;;9996.0;0.0
1;13800;INTARIAN_PEPPER_ROOT;13007.0;11.0;13006.0;21.0;13004.0;17.0;;;;;;;13007.0;0.0
1;13900;ASH_COATED_OSMIUM;9993.0;20.0;;;;;10012.0;12.0;10013.0;15.0;10014.0;20.0;10002.5;0.0
1;13900;INTARIAN_PEPPER_ROOT;13007.0;12.0;13006.0;12.0;13004.0;15.0;13021.0;12.0;;;;;13014.0;0.0
1;14000;ASH_COATED_OSMIUM;;;;;;;10012.0;15.0;;;;;10012.0;0.0
1;14000;INTARIAN_PEPPER_ROOT;13007.0;9.0;13006.0;23.0;13004.0;21.0;13024.0;21.0;;;;;13015.5;0.0
1;14100;ASH_COATED_OSMIUM;9996.0;14.0;9995.0;13.0;9994.0;27.0;10015.0;27.0;;;;;10005.5;0.0
1;14100;INTARIAN_PEPPER_ROOT;13007.0;9.0;;;;;13021.0;9.0;;;;;13014.0;0.0
1;14200;ASH_COATED_OSMIUM;9996.0;15.0;9995.0;14.0;9994.0;26.0;10012.0;15.0;10014.0;14.0;10015.0;26.0;10004.0;0.0
1;14200;INTARIAN_PEPPER_ROOT;13007.0;11.0;13006.0;22.0;13004.0;23.0;13024.0;23.0;;;;;13015.5;0.0
1;14300;ASH_COATED_OSMIUM;9996.0;13.0;9995.0;30.0;9994.0;30.0;10012.0;13.0;10015.0;30.0;;;10004.0;0.0
1;14300;INTARIAN_PEPPER_ROOT;13007.0;12.0;13005.0;24.0;13004.0;18.0;13021.0;12.0;13025.0;18.0;;;13014.0;0.0
1;14400;ASH_COATED_OSMIUM;9996.0;10.0;9995.0;11.0;9994.0;26.0;10012.0;10.0;10014.0;10.0;10015.0;26.0;10004.0;0.0
1;14400;INTARIAN_PEPPER_ROOT;13007.0;10.0;13005.0;16.0;13004.0;22.0;13017.0;11.0;13021.0;10.0;13024.0;25.0;13012.0;0.0
1;14500;ASH_COATED_OSMIUM;9996.0;10.0;9995.0;12.0;9994.0;20.0;10006.0;5.0;10007.0;12.0;10012.0;10.0;10001.0;0.0
1;14500;INTARIAN_PEPPER_ROOT;13004.0;19.0;;;;;13022.0;11.0;13024.0;24.0;13025.0;19.0;13013.0;0.0
1;14600;ASH_COATED_OSMIUM;9996.0;15.0;9995.0;24.0;9993.0;22.0;10012.0;15.0;10014.0;22.0;;;10004.0;0.0
1;14600;INTARIAN_PEPPER_ROOT;13008.0;12.0;13006.0;11.0;13004.0;19.0;13022.0;12.0;13023.0;8.0;13025.0;19.0;13015.0;0.0
1;14700;ASH_COATED_OSMIUM;9996.0;12.0;9994.0;14.0;9993.0;26.0;10005.0;4.0;10007.0;14.0;10012.0;12.0;10000.5;0.0
1;14700;INTARIAN_PEPPER_ROOT;13008.0;9.0;13007.0;15.0;13004.0;16.0;13022.0;9.0;13025.0;16.0;;;13015.0;0.0
1;14800;ASH_COATED_OSMIUM;9995.0;14.0;9994.0;15.0;9993.0;23.0;10011.0;14.0;10013.0;29.0;10014.0;23.0;10003.0;0.0
1;14800;INTARIAN_PEPPER_ROOT;13008.0;8.0;;;;;;;;;;;13008.0;0.0
1;14900;ASH_COATED_OSMIUM;9996.0;13.0;;;;;10014.0;20.0;;;;;10005.0;0.0
1;14900;INTARIAN_PEPPER_ROOT;13008.0;11.0;13007.0;15.0;13005.0;18.0;13022.0;11.0;13025.0;18.0;;;13015.0;0.0
1;15000;ASH_COATED_OSMIUM;9994.0;25.0;;;;;10006.0;3.0;10012.0;13.0;10014.0;30.0;10000.0;0.0
1;15000;INTARIAN_PEPPER_ROOT;13008.0;11.0;;;;;13022.0;11.0;13024.0;16.0;13025.0;18.0;13015.0;0.0
1;15100;ASH_COATED_OSMIUM;9994.0;26.0;;;;;10013.0;11.0;;;;;10003.5;0.0
1;15100;INTARIAN_PEPPER_ROOT;13008.0;10.0;13007.0;24.0;13005.0;16.0;13022.0;10.0;13025.0;16.0;;;13015.0;0.0
1;15200;ASH_COATED_OSMIUM;9997.0;10.0;9996.0;11.0;9995.0;25.0;10016.0;25.0;;;;;10006.5;0.0
1;15200;INTARIAN_PEPPER_ROOT;13008.0;12.0;;;;;13025.0;23.0;;;;;13016.5;0.0
1;15300;ASH_COATED_OSMIUM;9997.0;11.0;9996.0;10.0;9994.0;24.0;10013.0;11.0;;;;;10005.0;0.0
1;15300;INTARIAN_PEPPER_ROOT;13008.0;11.0;13006.0;9.0;13005.0;25.0;13022.0;11.0;13023.0;8.0;13024.0;17.0;13015.0;0.0
1;15400;ASH_COATED_OSMIUM;9998.0;14.0;9997.0;10.0;9995.0;23.0;10016.0;23.0;;;;;10007.0;0.0
1;15400;INTARIAN_PEPPER_ROOT;13008.0;9.0;13006.0;8.0;13005.0;24.0;13022.0;9.0;;;;;13015.0;0.0
1;15500;ASH_COATED_OSMIUM;10007.0;10.0;9998.0;10.0;9996.0;24.0;10014.0;10.0;10016.0;22.0;;;10010.5;0.0
1;15500;INTARIAN_PEPPER_ROOT;13008.0;12.0;13007.0;16.0;13005.0;16.0;13023.0;12.0;13026.0;16.0;;;13015.5;0.0
1;15600;ASH_COATED_OSMIUM;9998.0;11.0;9997.0;28.0;9995.0;23.0;10014.0;11.0;10016.0;23.0;;;10006.0;0.0
1;15600;INTARIAN_PEPPER_ROOT;;;;;;;;;;;;;0.0;0.0
1;15700;ASH_COATED_OSMIUM;9998.0;15.0;9997.0;11.0;9995.0;20.0;10014.0;15.0;10015.0;10.0;10016.0;20.0;10006.0;0.0
1;15700;INTARIAN_PEPPER_ROOT;13009.0;9.0;13006.0;15.0;13005.0;23.0;13023.0;9.0;13025.0;24.0;13026.0;23.0;13016.0;0.0
1;15800;ASH_COATED_OSMIUM;9997.0;15.0;;;;;10016.0;23.0;;;;;10006.5;0.0
1;15800;INTARIAN_PEPPER_ROOT;13009.0;8.0;13006.0;16.0;;;13023.0;8.0;;;;;13016.0;0.0
1;15900;ASH_COATED_OSMIUM;9998.0;10.0;9997.0;11.0;9995.0;30.0;10014.0;10.0;10015.0;15.0;10016.0;30.0;10006.0;0.0
1;15900;INTARIAN_PEPPER_ROOT;13009.0;12.0;13008.0;15.0;13007.0;8.0;13023.0;12.0;13026.0;23.0;;;13016.0;0.0
1;16000;ASH_COATED_OSMIUM;9995.0;23.0;;;;;10016.0;23.0;;;;;10005.5;0.0
1;16000;INTARIAN_PEPPER_ROOT;13009.0;9.0;13007.0;24.0;13006.0;17.0;13023.0;9.0;13026.0;17.0;;;13016.0;0.0
1;16100;ASH_COATED_OSMIUM;10003.0;4.0;9997.0;13.0;9996.0;23.0;10013.0;13.0;10016.0;25.0;;;10008.0;0.0
1;16100;INTARIAN_PEPPER_ROOT;13006.0;25.0;;;;;13023.0;9.0;13025.0;20.0;13026.0;25.0;13014.5;0.0
1;16200;ASH_COATED_OSMIUM;9998.0;12.0;9997.0;22.0;9995.0;21.0;10014.0;12.0;10016.0;21.0;;;10006.0;0.0
1;16200;INTARIAN_PEPPER_ROOT;13006.0;24.0;;;;;13023.0;12.0;13024.0;16.0;13025.0;9.0;13014.5;0.0
1;16300;ASH_COATED_OSMIUM;9998.0;13.0;9996.0;29.0;9995.0;22.0;10014.0;13.0;;;;;10006.0;0.0
1;16300;INTARIAN_PEPPER_ROOT;13020.0;5.0;13010.0;17.0;13009.0;8.0;13023.0;8.0;;;;;13021.5;0.0
1;16400;ASH_COATED_OSMIUM;9998.0;13.0;9997.0;15.0;9995.0;26.0;10014.0;13.0;;;;;10006.0;0.0
1;16400;INTARIAN_PEPPER_ROOT;13009.0;9.0;13007.0;18.0;13006.0;21.0;13023.0;9.0;13027.0;21.0;;;13016.0;0.0
1;16500;ASH_COATED_OSMIUM;9995.0;22.0;;;;;10014.0;15.0;10015.0;22.0;10016.0;22.0;10004.5;0.0
1;16500;INTARIAN_PEPPER_ROOT;13009.0;11.0;13008.0;8.0;13006.0;19.0;13024.0;11.0;13025.0;24.0;13027.0;19.0;13016.5;0.0
1;16600;ASH_COATED_OSMIUM;9998.0;15.0;9996.0;10.0;9996.0;12.0;10014.0;15.0;10016.0;27.0;;;10006.0;0.0
1;16600;INTARIAN_PEPPER_ROOT;13006.0;25.0;;;;;13024.0;12.0;13025.0;15.0;13025.0;11.0;13015.0;0.0
1;16700;ASH_COATED_OSMIUM;9999.0;13.0;9998.0;14.0;9996.0;30.0;10015.0;13.0;10016.0;22.0;10017.0;30.0;10007.0;0.0
1;16700;INTARIAN_PEPPER_ROOT;;;;;;;13024.0;10.0;;;;;13024.0;0.0
1;16800;ASH_COATED_OSMIUM;9998.0;10.0;9997.0;12.0;9996.0;26.0;10014.0;10.0;10016.0;11.0;10017.0;26.0;10006.0;0.0
1;16800;INTARIAN_PEPPER_ROOT;13010.0;8.0;13008.0;11.0;13007.0;23.0;13024.0;8.0;13025.0;16.0;13027.0;23.0;13017.0;0.0
1;16900;ASH_COATED_OSMIUM;;;;;;;;;;;;;0.0;0.0
1;16900;INTARIAN_PEPPER_ROOT;13007.0;17.0;;;;;13024.0;10.0;13025.0;22.0;13027.0;17.0;13015.5;0.0
1;17000;ASH_COATED_OSMIUM;9998.0;11.0;9997.0;21.0;9996.0;27.0;10014.0;11.0;;;;;10006.0;0.0
1;17000;INTARIAN_PEPPER_ROOT;13010.0;9.0;13008.0;9.0;13007.0;15.0;13024.0;9.0;13025.0;23.0;13027.0;15.0;13017.0;0.0
1;17100;ASH_COATED_OSMIUM;9998.0;12.0;9997.0;12.0;9996.0;25.0;10014.0;12.0;10015.0;22.0;10017.0;25.0;10006.0;0.0
1;17100;INTARIAN_PEPPER_ROOT;13010.0;11.0;13008.0;9.0;13007.0;17.0;13024.0;11.0;13025.0;8.0;13027.0;17.0;13017.0;0.0
1;17200;ASH_COATED_OSMIUM;9998.0;13.0;9996.0;11.0;9995.0;24.0;10014.0;13.0;;;;;10006.0;0.0
1;17200;INTARIAN_PEPPER_ROOT;13010.0;9.0;13008.0;11.0;13007.0;19.0;13024.0;9.0;13025.0;8.0;13027.0;19.0;13017.0;0.0
1;17300;ASH_COATED_OSMIUM;9995.0;29.0;;;;;10014.0;12.0;10015.0;23.0;10016.0;29.0;10004.5;0.0
1;17300;INTARIAN_PEPPER_ROOT;13007.0;22.0;;;;;13028.0;22.0;;;;;13017.5;0.0
1;17400;ASH_COATED_OSMIUM;9997.0;11.0;9996.0;24.0;9995.0;21.0;10013.0;11.0;10016.0;21.0;;;10005.0;0.0
1;17400;INTARIAN_PEPPER_ROOT;13010.0;9.0;13009.0;10.0;13007.0;17.0;13013.0;3.0;13024.0;9.0;13025.0;9.0;13011.5;0.0
1;17500;ASH_COATED_OSMIUM;9997.0;11.0;9996.0;10.0;9995.0;27.0;10013.0;11.0;;;;;10005.0;0.0
1;17500;INTARIAN_PEPPER_ROOT;13010.0;9.0;13008.0;21.0;13007.0;19.0;13025.0;9.0;13028.0;19.0;;;13017.5;0.0
1;17600;ASH_COATED_OSMIUM;9995.0;25.0;;;;;10014.0;14.0;10015.0;10.0;10015.0;14.0;10004.5;0.0
1;17600;INTARIAN_PEPPER_ROOT;13011.0;9.0;13009.0;15.0;13007.0;22.0;13025.0;9.0;;;;;13018.0;0.0
1;17700;ASH_COATED_OSMIUM;9995.0;24.0;;;;;10014.0;10.0;10015.0;11.0;10015.0;15.0;10004.5;0.0
1;17700;INTARIAN_PEPPER_ROOT;13011.0;8.0;13010.0;16.0;13007.0;16.0;13025.0;8.0;13028.0;16.0;;;13018.0;0.0
1;17800;ASH_COATED_OSMIUM;9998.0;10.0;9996.0;13.0;9995.0;23.0;10014.0;10.0;;;;;10006.0;0.0
1;17800;INTARIAN_PEPPER_ROOT;13011.0;8.0;13010.0;18.0;13008.0;24.0;13025.0;8.0;13028.0;24.0;;;13018.0;0.0
1;17900;ASH_COATED_OSMIUM;9997.0;11.0;9996.0;24.0;9995.0;22.0;10013.0;11.0;;;;;10005.0;0.0
1;17900;INTARIAN_PEPPER_ROOT;13011.0;9.0;13009.0;9.0;13008.0;20.0;13025.0;9.0;;;;;13018.0;0.0
1;18000;ASH_COATED_OSMIUM;9995.0;23.0;;;;;10013.0;15.0;10015.0;12.0;10015.0;10.0;10004.0;0.0
1;18000;INTARIAN_PEPPER_ROOT;13011.0;9.0;13010.0;10.0;13008.0;21.0;13025.0;9.0;13026.0;21.0;13028.0;21.0;13018.0;0.0
1;18100;ASH_COATED_OSMIUM;9997.0;11.0;9996.0;15.0;9995.0;30.0;10013.0;11.0;10015.0;27.0;10016.0;30.0;10005.0;0.0
1;18100;INTARIAN_PEPPER_ROOT;13011.0;10.0;13008.0;25.0;;;;;;;;;13011.0;0.0
1;18200;ASH_COATED_OSMIUM;;;;;;;10013.0;10.0;;;;;10013.0;0.0
1;18200;INTARIAN_PEPPER_ROOT;13011.0;10.0;13010.0;8.0;13008.0;15.0;13025.0;10.0;13026.0;8.0;13028.0;15.0;13018.0;0.0
1;18300;ASH_COATED_OSMIUM;9997.0;11.0;9996.0;23.0;9995.0;28.0;10013.0;11.0;10016.0;28.0;;;10005.0;0.0
1;18300;INTARIAN_PEPPER_ROOT;13011.0;12.0;13009.0;16.0;13008.0;17.0;13025.0;12.0;13029.0;17.0;;;13018.0;0.0
1;18400;ASH_COATED_OSMIUM;9997.0;10.0;9996.0;13.0;9995.0;22.0;10013.0;10.0;10015.0;30.0;10016.0;22.0;10005.0;0.0
1;18400;INTARIAN_PEPPER_ROOT;13011.0;11.0;13010.0;19.0;13008.0;25.0;13025.0;11.0;13029.0;25.0;;;13018.0;0.0
1;18500;ASH_COATED_OSMIUM;9997.0;11.0;;;;;10016.0;25.0;;;;;10006.5;0.0
1;18500;INTARIAN_PEPPER_ROOT;13011.0;10.0;13010.0;24.0;13008.0;20.0;13026.0;10.0;13029.0;20.0;;;13018.5;0.0
1;18600;ASH_COATED_OSMIUM;9997.0;11.0;9996.0;30.0;9995.0;25.0;10013.0;11.0;;;;;10005.0;0.0
1;18600;INTARIAN_PEPPER_ROOT;13012.0;11.0;13009.0;15.0;13008.0;25.0;13026.0;11.0;13028.0;11.0;13029.0;25.0;13019.0;0.0
1;18700;ASH_COATED_OSMIUM;9997.0;13.0;9996.0;28.0;9995.0;20.0;10007.0;2.0;10013.0;13.0;10016.0;20.0;10002.0;0.0
1;18700;INTARIAN_PEPPER_ROOT;13008.0;21.0;;;;;13026.0;9.0;13028.0;22.0;13029.0;21.0;13017.0;0.0
1;18800;ASH_COATED_OSMIUM;9997.0;13.0;9996.0;14.0;9995.0;29.0;10013.0;13.0;10015.0;26.0;10016.0;29.0;10005.0;0.0
1;18800;INTARIAN_PEPPER_ROOT;13009.0;21.0;;;;;13026.0;8.0;13027.0;12.0;13028.0;12.0;13017.5;0.0
1;18900;ASH_COATED_OSMIUM;9997.0;12.0;9996.0;11.0;9996.0;30.0;10006.0;5.0;10013.0;12.0;10015.0;30.0;10001.5;0.0
1;18900;INTARIAN_PEPPER_ROOT;13012.0;10.0;13010.0;11.0;13009.0;23.0;13029.0;23.0;;;;;13020.5;0.0
1;19000;ASH_COATED_OSMIUM;9994.0;27.0;;;;;10013.0;10.0;10014.0;15.0;10014.0;26.0;10003.5;0.0
1;19000;INTARIAN_PEPPER_ROOT;13012.0;12.0;;;;;13026.0;12.0;13027.0;16.0;13029.0;18.0;13019.0;0.0
1;19100;ASH_COATED_OSMIUM;9997.0;13.0;9996.0;13.0;9995.0;29.0;10013.0;13.0;10014.0;21.0;10016.0;29.0;10005.0;0.0
1;19100;INTARIAN_PEPPER_ROOT;13012.0;11.0;;;;;13026.0;11.0;;;;;13019.0;0.0
1;19200;ASH_COATED_OSMIUM;9995.0;23.0;;;;;10016.0;23.0;;;;;10005.5;0.0
1;19200;INTARIAN_PEPPER_ROOT;13009.0;16.0;;;;;13026.0;9.0;13028.0;9.0;13029.0;16.0;13017.5;0.0
1;19300;ASH_COATED_OSMIUM;;;;;;;10013.0;15.0;10015.0;22.0;;;10013.0;0.0
1;19300;INTARIAN_PEPPER_ROOT;;;;;;;13026.0;8.0;13029.0;22.0;13030.0;23.0;13026.0;0.0
1;19400;ASH_COATED_OSMIUM;9997.0;14.0;9995.0;23.0;9994.0;24.0;10013.0;14.0;10015.0;24.0;;;10005.0;0.0
1;19400;INTARIAN_PEPPER_ROOT;;;;;;;13026.0;8.0;13027.0;9.0;13030.0;22.0;13026.0;0.0
1;19500;ASH_COATED_OSMIUM;9997.0;11.0;9996.0;27.0;9995.0;23.0;10013.0;11.0;10016.0;23.0;;;10005.0;0.0
1;19500;INTARIAN_PEPPER_ROOT;13012.0;8.0;13011.0;16.0;13009.0;19.0;13030.0;19.0;;;;;13021.0;0.0
1;19600;ASH_COATED_OSMIUM;9997.0;11.0;9996.0;14.0;9995.0;26.0;10013.0;11.0;;;;;10005.0;0.0
1;19600;INTARIAN_PEPPER_ROOT;13009.0;23.0;;;;;13027.0;9.0;13028.0;12.0;13028.0;22.0;13018.0;0.0
1;19700;ASH_COATED_OSMIUM;9997.0;15.0;9995.0;11.0;9994.0;25.0;;;;;;;9997.0;0.0
1;19700;INTARIAN_PEPPER_ROOT;13013.0;10.0;;;;;13027.0;10.0;13029.0;12.0;13030.0;22.0;13020.0;0.0
1;19800;ASH_COATED_OSMIUM;9996.0;14.0;9995.0;12.0;9994.0;29.0;10012.0;14.0;;;;;10004.0;0.0
1;19800;INTARIAN_PEPPER_ROOT;13010.0;16.0;;;;;13027.0;10.0;13029.0;22.0;13030.0;16.0;13018.5;0.0
1;19900;ASH_COATED_OSMIUM;9996.0;10.0;9994.0;26.0;9993.0;26.0;10012.0;10.0;10014.0;26.0;;;10004.0;0.0
1;19900;INTARIAN_PEPPER_ROOT;13013.0;12.0;;;;;13022.0;11.0;13026.0;15.0;13027.0;12.0;13017.5;0.0
1;20000;ASH_COATED_OSMIUM;9996.0;14.0;9995.0;26.0;9993.0;21.0;10012.0;14.0;10014.0;21.0;;;10004.0;0.0
1;20000;INTARIAN_PEPPER_ROOT;13013.0;11.0;13011.0;11.0;13010.0;24.0;13030.0;24.0;;;;;13021.5;0.0
1;20100;ASH_COATED_OSMIUM;;;;;;;10014.0;30.0;;;;;10014.0;0.0
1;20100;INTARIAN_PEPPER_ROOT;13013.0;11.0;13012.0;8.0;13010.0;15.0;13030.0;15.0;;;;;13021.5;0.0
1;20200;ASH_COATED_OSMIUM;;;;;;;10012.0;14.0;10015.0;26.0;;;10012.0;0.0
1;20200;INTARIAN_PEPPER_ROOT;13013.0;8.0;13011.0;10.0;13010.0;15.0;13027.0;8.0;13028.0;9.0;13030.0;15.0;13020.0;0.0
1;20300;ASH_COATED_OSMIUM;9996.0;11.0;9995.0;29.0;9993.0;26.0;10014.0;26.0;;;;;10005.0;0.0
1;20300;INTARIAN_PEPPER_ROOT;13013.0;12.0;13011.0;16.0;13010.0;22.0;13031.0;22.0;;;;;13022.0;0.0
1;20400;ASH_COATED_OSMIUM;9995.0;11.0;9994.0;11.0;9993.0;27.0;10011.0;11.0;10013.0;23.0;10014.0;27.0;10003.0;0.0
1;20400;INTARIAN_PEPPER_ROOT;13013.0;8.0;;;;;13031.0;17.0;;;;;13022.0;0.0
1;20500;ASH_COATED_OSMIUM;9995.0;10.0;9994.0;27.0;9993.0;28.0;10011.0;10.0;10014.0;28.0;;;10003.0;0.0
1;20500;INTARIAN_PEPPER_ROOT;13013.0;12.0;13011.0;16.0;13010.0;22.0;13028.0;12.0;;;;;13020.5;0.0
1;20600;ASH_COATED_OSMIUM;9995.0;13.0;9994.0;20.0;9993.0;25.0;;;;;;;9995.0;0.0
1;20600;INTARIAN_PEPPER_ROOT;13014.0;10.0;13012.0;16.0;13010.0;16.0;13028.0;10.0;13031.0;16.0;;;13021.0;0.0
1;20700;ASH_COATED_OSMIUM;9994.0;15.0;9993.0;14.0;9992.0;20.0;10010.0;15.0;10012.0;14.0;10013.0;20.0;10002.0;0.0
1;20700;INTARIAN_PEPPER_ROOT;13014.0;8.0;13013.0;15.0;13010.0;15.0;13028.0;8.0;13031.0;15.0;;;13021.0;0.0
1;20800;ASH_COATED_OSMIUM;9995.0;10.0;9994.0;24.0;9992.0;23.0;10011.0;10.0;10013.0;23.0;;;10003.0;0.0
1;20800;INTARIAN_PEPPER_ROOT;13014.0;9.0;;;;;13031.0;25.0;;;;;13022.5;0.0
1;20900;ASH_COATED_OSMIUM;9992.0;20.0;;;;;10011.0;14.0;10012.0;13.0;10012.0;10.0;10001.5;0.0
1;20900;INTARIAN_PEPPER_ROOT;13014.0;9.0;13013.0;12.0;13011.0;22.0;13031.0;22.0;;;;;13022.5;0.0
1;21000;ASH_COATED_OSMIUM;9994.0;10.0;9993.0;11.0;9992.0;21.0;10013.0;21.0;;;;;10003.5;0.0
1;21000;INTARIAN_PEPPER_ROOT;13014.0;10.0;13013.0;20.0;13011.0;17.0;13028.0;10.0;13031.0;17.0;;;13021.0;0.0
1;21100;ASH_COATED_OSMIUM;9994.0;11.0;9993.0;22.0;9992.0;26.0;10010.0;11.0;10013.0;26.0;;;10002.0;0.0
1;21100;INTARIAN_PEPPER_ROOT;13014.0;10.0;13012.0;10.0;13011.0;18.0;13028.0;10.0;13029.0;12.0;13031.0;18.0;13021.0;0.0
1;21200;ASH_COATED_OSMIUM;9994.0;12.0;9993.0;14.0;9992.0;25.0;10004.0;5.0;10010.0;12.0;10012.0;21.0;9999.0;0.0
1;21200;INTARIAN_PEPPER_ROOT;13014.0;12.0;13012.0;10.0;13011.0;23.0;13028.0;12.0;13029.0;17.0;13031.0;23.0;13021.0;0.0
1;21300;ASH_COATED_OSMIUM;;;;;;;10011.0;14.0;10013.0;30.0;;;10011.0;0.0
1;21300;INTARIAN_PEPPER_ROOT;13014.0;10.0;13013.0;17.0;13011.0;17.0;13028.0;10.0;;;;;13021.0;0.0
1;21400;ASH_COATED_OSMIUM;9995.0;12.0;9993.0;21.0;9992.0;24.0;10011.0;12.0;10013.0;24.0;;;10003.0;0.0
1;21400;INTARIAN_PEPPER_ROOT;13014.0;10.0;13012.0;11.0;13011.0;23.0;13028.0;10.0;;;;;13021.0;0.0
1;21500;ASH_COATED_OSMIUM;9996.0;15.0;9995.0;14.0;9993.0;29.0;10014.0;29.0;;;;;10005.0;0.0
1;21500;INTARIAN_PEPPER_ROOT;13014.0;9.0;13011.0;20.0;;;13029.0;9.0;;;;;13021.5;0.0
1;21600;ASH_COATED_OSMIUM;;;;;;;10011.0;14.0;10013.0;25.0;10014.0;27.0;10011.0;0.0
1;21600;INTARIAN_PEPPER_ROOT;13011.0;22.0;;;;;13029.0;8.0;13031.0;16.0;13032.0;22.0;13020.0;0.0
1;21700;ASH_COATED_OSMIUM;;;;;;;;;;;;;0.0;0.0
1;21700;INTARIAN_PEPPER_ROOT;13015.0;8.0;13014.0;23.0;13011.0;23.0;13029.0;8.0;13032.0;23.0;;;13022.0;0.0
1;21800;ASH_COATED_OSMIUM;9996.0;10.0;9995.0;2.0;9994.0;27.0;10012.0;10.0;10014.0;23.0;;;10004.0;0.0
1;21800;INTARIAN_PEPPER_ROOT;13015.0;8.0;13014.0;20.0;13012.0;24.0;13029.0;8.0;13032.0;24.0;;;13022.0;0.0
1;21900;ASH_COATED_OSMIUM;9995.0;13.0;9994.0;12.0;9993.0;29.0;10014.0;29.0;;;;;10004.5;0.0
1;21900;INTARIAN_PEPPER_ROOT;13012.0;15.0;;;;;13029.0;8.0;13031.0;10.0;13032.0;15.0;13020.5;0.0
1;22000;ASH_COATED_OSMIUM;9993.0;27.0;;;;;10014.0;27.0;;;;;10003.5;0.0
1;22000;INTARIAN_PEPPER_ROOT;13015.0;9.0;13013.0;20.0;13012.0;17.0;13029.0;9.0;13032.0;17.0;;;13022.0;0.0
1;22100;ASH_COATED_OSMIUM;9993.0;29.0;;;;;10012.0;11.0;10013.0;13.0;10013.0;14.0;10002.5;0.0
1;22100;INTARIAN_PEPPER_ROOT;13015.0;12.0;;;;;13029.0;12.0;13030.0;8.0;13031.0;16.0;13022.0;0.0
1;22200;ASH_COATED_OSMIUM;9995.0;11.0;9994.0;12.0;9993.0;28.0;10011.0;11.0;;;;;10003.0;0.0
1;22200;INTARIAN_PEPPER_ROOT;13015.0;12.0;13014.0;19.0;13012.0;16.0;13032.0;16.0;;;;;13023.5;0.0
1;22300;ASH_COATED_OSMIUM;9995.0;15.0;;;;;10011.0;15.0;10013.0;13.0;10014.0;28.0;10003.0;0.0
1;22300;INTARIAN_PEPPER_ROOT;13015.0;12.0;13013.0;11.0;13012.0;23.0;13029.0;12.0;13030.0;24.0;13033.0;23.0;13022.0;0.0
1;22400;ASH_COATED_OSMIUM;9993.0;26.0;;;;;10011.0;11.0;;;;;10002.0;0.0
1;22400;INTARIAN_PEPPER_ROOT;13015.0;10.0;13013.0;12.0;13012.0;25.0;13029.0;10.0;13032.0;16.0;13033.0;25.0;13022.0;0.0
1;22500;ASH_COATED_OSMIUM;9995.0;14.0;9994.0;5.0;9994.0;11.0;10011.0;14.0;10012.0;11.0;10014.0;27.0;10003.0;0.0
1;22500;INTARIAN_PEPPER_ROOT;13015.0;10.0;13013.0;8.0;13013.0;7.0;13030.0;10.0;13032.0;12.0;13033.0;25.0;13022.5;0.0
1;22600;ASH_COATED_OSMIUM;9995.0;11.0;9994.0;29.0;9993.0;28.0;10011.0;11.0;10014.0;28.0;;;10003.0;0.0
1;22600;INTARIAN_PEPPER_ROOT;13016.0;9.0;13012.0;17.0;;;13030.0;9.0;;;;;13023.0;0.0
1;22700;ASH_COATED_OSMIUM;9995.0;10.0;;;;;10011.0;10.0;10013.0;24.0;10014.0;30.0;10003.0;0.0
1;22700;INTARIAN_PEPPER_ROOT;13016.0;9.0;13013.0;22.0;13012.0;19.0;13030.0;9.0;13033.0;19.0;;;13023.0;0.0
1;22800;ASH_COATED_OSMIUM;9995.0;14.0;9994.0;11.0;9993.0;25.0;10014.0;25.0;;;;;10004.5;0.0
1;22800;INTARIAN_PEPPER_ROOT;13016.0;11.0;13013.0;19.0;;;13033.0;19.0;;;;;13024.5;0.0
1;22900;ASH_COATED_OSMIUM;9993.0;26.0;;;;;10012.0;11.0;10013.0;27.0;10014.0;26.0;10002.5;0.0
1;22900;INTARIAN_PEPPER_ROOT;13013.0;25.0;;;;;13030.0;10.0;13031.0;22.0;13033.0;25.0;13021.5;0.0
1;23000;ASH_COATED_OSMIUM;9995.0;12.0;9994.0;14.0;9993.0;22.0;10011.0;12.0;;;;;10003.0;0.0
1;23000;INTARIAN_PEPPER_ROOT;13016.0;11.0;13015.0;19.0;13013.0;20.0;13030.0;11.0;;;;;13023.0;0.0
1;23100;ASH_COATED_OSMIUM;9995.0;13.0;9994.0;3.0;9994.0;11.0;10011.0;13.0;10013.0;29.0;10014.0;29.0;10003.0;0.0
1;23100;INTARIAN_PEPPER_ROOT;13016.0;10.0;;;;;13019.0;4.0;13027.0;20.0;13033.0;23.0;13017.5;0.0
1;23200;ASH_COATED_OSMIUM;9996.0;14.0;9994.0;22.0;9993.0;27.0;10001.0;7.0;10005.0;2.0;;;9998.5;0.0
1;23200;INTARIAN_PEPPER_ROOT;13016.0;10.0;13015.0;8.0;13013.0;22.0;13033.0;22.0;;;;;13024.5;0.0
1;23300;ASH_COATED_OSMIUM;9996.0;12.0;9995.0;11.0;9994.0;26.0;10012.0;12.0;10013.0;24.0;10015.0;26.0;10004.0;0.0
1;23300;INTARIAN_PEPPER_ROOT;13016.0;8.0;13015.0;11.0;13013.0;23.0;13030.0;8.0;13032.0;9.0;13034.0;23.0;13023.0;0.0
1;23400;ASH_COATED_OSMIUM;9996.0;11.0;9995.0;22.0;9994.0;28.0;;;;;;;9996.0;0.0
1;23400;INTARIAN_PEPPER_ROOT;13016.0;10.0;13015.0;18.0;13013.0;23.0;13034.0;23.0;;;;;13025.0;0.0
1;23500;ASH_COATED_OSMIUM;9996.0;11.0;9994.0;10.0;9993.0;28.0;10012.0;11.0;10013.0;10.0;10014.0;28.0;10004.0;0.0
1;23500;INTARIAN_PEPPER_ROOT;13016.0;9.0;;;;;13031.0;9.0;13033.0;19.0;13034.0;21.0;13023.5;0.0
1;23600;ASH_COATED_OSMIUM;9996.0;15.0;9995.0;22.0;9994.0;21.0;10012.0;15.0;;;;;10004.0;0.0
1;23600;INTARIAN_PEPPER_ROOT;13017.0;10.0;13016.0;9.0;13013.0;18.0;13031.0;10.0;13032.0;11.0;13034.0;18.0;13024.0;0.0
1;23700;ASH_COATED_OSMIUM;9993.0;30.0;;;;;10012.0;11.0;10013.0;26.0;10014.0;30.0;10002.5;0.0
1;23700;INTARIAN_PEPPER_ROOT;13017.0;8.0;13014.0;25.0;13013.0;16.0;13031.0;8.0;13034.0;16.0;;;13024.0;0.0
1;23800;ASH_COATED_OSMIUM;9993.0;27.0;;;;;;;;;;;9993.0;0.0
1;23800;INTARIAN_PEPPER_ROOT;13017.0;9.0;13015.0;22.0;13014.0;18.0;13031.0;9.0;13034.0;18.0;;;13024.0;0.0
1;23900;ASH_COATED_OSMIUM;9996.0;15.0;9995.0;26.0;9994.0;29.0;10015.0;29.0;;;;;10005.5;0.0
1;23900;INTARIAN_PEPPER_ROOT;13017.0;12.0;13016.0;11.0;13014.0;19.0;13031.0;12.0;13032.0;10.0;13034.0;19.0;13024.0;0.0
1;24000;ASH_COATED_OSMIUM;9993.0;23.0;;;;;10012.0;12.0;10013.0;12.0;10013.0;21.0;10002.5;0.0
1;24000;INTARIAN_PEPPER_ROOT;13017.0;9.0;;;;;13031.0;9.0;13034.0;19.0;;;13024.0;0.0
1;24100;ASH_COATED_OSMIUM;9996.0;12.0;9995.0;10.0;9993.0;23.0;10012.0;12.0;10013.0;20.0;10014.0;23.0;10004.0;0.0
1;24100;INTARIAN_PEPPER_ROOT;13017.0;10.0;;;;;13031.0;10.0;13032.0;17.0;13034.0;22.0;13024.0;0.0
1;24200;ASH_COATED_OSMIUM;9995.0;11.0;9994.0;26.0;9993.0;30.0;10011.0;11.0;10014.0;30.0;;;10003.0;0.0
1;24200;INTARIAN_PEPPER_ROOT;13017.0;9.0;13015.0;10.0;13014.0;20.0;13031.0;9.0;13032.0;17.0;13034.0;20.0;13024.0;0.0
1;24300;ASH_COATED_OSMIUM;9995.0;12.0;9994.0;15.0;9993.0;30.0;10011.0;12.0;10012.0;20.0;10014.0;30.0;10003.0;0.0
1;24300;INTARIAN_PEPPER_ROOT;13014.0;17.0;;;;;13031.0;12.0;13032.0;25.0;13035.0;17.0;13022.5;0.0
1;24400;ASH_COATED_OSMIUM;9995.0;14.0;;;;;10014.0;20.0;;;;;10004.5;0.0
1;24400;INTARIAN_PEPPER_ROOT;13017.0;10.0;13015.0;19.0;13014.0;22.0;13031.0;10.0;13035.0;22.0;;;13024.0;0.0
1;24500;ASH_COATED_OSMIUM;9995.0;11.0;9994.0;15.0;9993.0;24.0;10011.0;11.0;10012.0;13.0;10014.0;24.0;10003.0;0.0
1;24500;INTARIAN_PEPPER_ROOT;13017.0;12.0;13015.0;20.0;13014.0;15.0;13035.0;15.0;;;;;13026.0;0.0
1;24600;ASH_COATED_OSMIUM;9995.0;14.0;9993.0;14.0;9992.0;23.0;10011.0;14.0;10012.0;26.0;10013.0;23.0;10003.0;0.0
1;24600;INTARIAN_PEPPER_ROOT;13018.0;8.0;13015.0;18.0;13014.0;17.0;13035.0;17.0;;;;;13026.5;0.0
1;24700;ASH_COATED_OSMIUM;9995.0;12.0;9993.0;10.0;9992.0;22.0;10011.0;12.0;10012.0;15.0;10013.0;22.0;10003.0;0.0
1;24700;INTARIAN_PEPPER_ROOT;13014.0;18.0;;;;;13032.0;12.0;13033.0;17.0;13034.0;11.0;13023.0;0.0
1;24800;ASH_COATED_OSMIUM;9992.0;20.0;;;;;10011.0;11.0;10012.0;22.0;10013.0;20.0;10001.5;0.0
1;24800;INTARIAN_PEPPER_ROOT;13018.0;11.0;13017.0;11.0;13015.0;17.0;13035.0;17.0;;;;;13026.5;0.0
1;24900;ASH_COATED_OSMIUM;9995.0;11.0;9994.0;22.0;9993.0;28.0;10011.0;11.0;;;;;10003.0;0.0
1;24900;INTARIAN_PEPPER_ROOT;13018.0;11.0;13017.0;12.0;13015.0;17.0;13032.0;11.0;13033.0;20.0;13035.0;17.0;13025.0;0.0
1;25000;ASH_COATED_OSMIUM;9996.0;14.0;;;;;10012.0;14.0;10013.0;15.0;10014.0;25.0;10004.0;0.0
1;25000;INTARIAN_PEPPER_ROOT;13018.0;11.0;;;;;13032.0;11.0;13035.0;15.0;;;13025.0;0.0
1;25100;ASH_COATED_OSMIUM;10005.0;8.0;10003.0;30.0;9993.0;30.0;10012.0;10.0;10014.0;30.0;;;10008.5;0.0
1;25100;INTARIAN_PEPPER_ROOT;13018.0;12.0;13016.0;16.0;13015.0;19.0;13032.0;12.0;;;;;13025.0;0.0
1;25200;ASH_COATED_OSMIUM;9995.0;10.0;9994.0;20.0;9993.0;24.0;10011.0;10.0;10014.0;24.0;;;10003.0;0.0
1;25200;INTARIAN_PEPPER_ROOT;13018.0;8.0;;;;;13032.0;8.0;13033.0;23.0;13035.0;17.0;13025.0;0.0
1;25300;ASH_COATED_OSMIUM;9995.0;11.0;9994.0;14.0;9993.0;28.0;10011.0;11.0;10012.0;23.0;10014.0;28.0;10003.0;0.0
1;25300;INTARIAN_PEPPER_ROOT;13018.0;10.0;13017.0;17.0;13015.0;25.0;13032.0;10.0;13033.0;12.0;13036.0;25.0;13025.0;0.0
1;25400;ASH_COATED_OSMIUM;9994.0;14.0;9993.0;20.0;9992.0;28.0;10013.0;28.0;;;;;10003.5;0.0
1;25400;INTARIAN_PEPPER_ROOT;13018.0;11.0;13017.0;25.0;13015.0;25.0;13036.0;25.0;;;;;13027.0;0.0
1;25500;ASH_COATED_OSMIUM;9994.0;11.0;9993.0;10.0;9992.0;22.0;10010.0;11.0;10011.0;22.0;10013.0;22.0;10002.0;0.0
1;25500;INTARIAN_PEPPER_ROOT;13018.0;10.0;;;;;13033.0;10.0;13034.0;8.0;13034.0;24.0;13025.5;0.0
1;25600;ASH_COATED_OSMIUM;9994.0;14.0;9993.0;21.0;9992.0;24.0;10010.0;14.0;10013.0;24.0;;;10002.0;0.0
1;25600;INTARIAN_PEPPER_ROOT;13019.0;8.0;;;;;13033.0;8.0;13035.0;10.0;13036.0;22.0;13026.0;0.0
1;25700;ASH_COATED_OSMIUM;9994.0;14.0;9992.0;12.0;9991.0;21.0;10010.0;14.0;;;;;10002.0;0.0
1;25700;INTARIAN_PEPPER_ROOT;13015.0;22.0;;;;;13033.0;8.0;13035.0;15.0;13036.0;22.0;13024.0;0.0
1;25800;ASH_COATED_OSMIUM;9991.0;20.0;;;;;10010.0;15.0;;;;;10000.5;0.0
1;25800;INTARIAN_PEPPER_ROOT;13019.0;10.0;13018.0;22.0;13016.0;18.0;13033.0;10.0;;;;;13026.0;0.0
1;25900;ASH_COATED_OSMIUM;9993.0;12.0;9992.0;20.0;9991.0;30.0;10009.0;12.0;10011.0;11.0;10012.0;30.0;10001.0;0.0
1;25900;INTARIAN_PEPPER_ROOT;13019.0;9.0;13018.0;24.0;13016.0;17.0;13033.0;9.0;13036.0;17.0;;;13026.0;0.0
1;26000;ASH_COATED_OSMIUM;9994.0;13.0;9992.0;11.0;9991.0;21.0;10010.0;13.0;10011.0;12.0;10012.0;21.0;10002.0;0.0
1;26000;INTARIAN_PEPPER_ROOT;13019.0;9.0;13018.0;8.0;13016.0;25.0;13033.0;9.0;;;;;13026.0;0.0
1;26100;ASH_COATED_OSMIUM;9993.0;10.0;9992.0;23.0;9990.0;28.0;10009.0;10.0;10011.0;28.0;;;10001.0;0.0
1;26100;INTARIAN_PEPPER_ROOT;13019.0;9.0;13018.0;10.0;13016.0;21.0;13033.0;9.0;13034.0;20.0;13036.0;21.0;13026.0;0.0
1;26200;ASH_COATED_OSMIUM;9993.0;15.0;;;;;10009.0;15.0;;;;;10001.0;0.0
1;26200;INTARIAN_PEPPER_ROOT;13019.0;10.0;13017.0;9.0;13016.0;19.0;13033.0;10.0;13035.0;18.0;13036.0;19.0;13026.0;0.0
1;26300;ASH_COATED_OSMIUM;9999.0;3.0;9993.0;13.0;9992.0;13.0;10009.0;13.0;;;;;10004.0;0.0
1;26300;INTARIAN_PEPPER_ROOT;13019.0;11.0;13017.0;11.0;13016.0;18.0;13033.0;11.0;13034.0;9.0;13037.0;18.0;13026.0;0.0
1;26400;ASH_COATED_OSMIUM;9990.0;23.0;;;;;10009.0;13.0;10010.0;14.0;10010.0;24.0;9999.5;0.0
1;26400;INTARIAN_PEPPER_ROOT;13019.0;12.0;13017.0;10.0;13016.0;15.0;13033.0;12.0;13036.0;25.0;13037.0;15.0;13026.0;0.0
1;26500;ASH_COATED_OSMIUM;9990.0;27.0;;;;;10011.0;27.0;;;;;10000.5;0.0
1;26500;INTARIAN_PEPPER_ROOT;13019.0;8.0;13017.0;15.0;13016.0;21.0;13034.0;8.0;13037.0;21.0;;;13026.5;0.0
1;26600;ASH_COATED_OSMIUM;9990.0;27.0;;;;;;;;;;;9990.0;0.0
1;26600;INTARIAN_PEPPER_ROOT;13016.0;15.0;;;;;13034.0;11.0;13036.0;25.0;13037.0;15.0;13025.0;0.0
1;26700;ASH_COATED_OSMIUM;9993.0;10.0;;;;;10009.0;10.0;;;;;10001.0;0.0
1;26700;INTARIAN_PEPPER_ROOT;13020.0;10.0;13018.0;25.0;13016.0;23.0;;;;;;;13020.0;0.0
1;26800;ASH_COATED_OSMIUM;9993.0;15.0;9992.0;28.0;9990.0;24.0;9998.0;8.0;10011.0;24.0;;;9995.5;0.0
1;26800;INTARIAN_PEPPER_ROOT;13020.0;12.0;13019.0;10.0;13017.0;15.0;13034.0;12.0;13036.0;10.0;13037.0;15.0;13027.0;0.0
1;26900;ASH_COATED_OSMIUM;9992.0;10.0;;;;;10002.0;2.0;10008.0;10.0;10010.0;21.0;9997.0;0.0
1;26900;INTARIAN_PEPPER_ROOT;13020.0;9.0;;;;;13034.0;9.0;13036.0;12.0;13037.0;18.0;13027.0;0.0
1;27000;ASH_COATED_OSMIUM;9993.0;11.0;9991.0;23.0;9990.0;26.0;10009.0;11.0;10011.0;26.0;;;10001.0;0.0
1;27000;INTARIAN_PEPPER_ROOT;13020.0;8.0;;;;;13034.0;8.0;;;;;13027.0;0.0
1;27100;ASH_COATED_OSMIUM;9993.0;10.0;9991.0;11.0;9990.0;21.0;10009.0;10.0;;;;;10001.0;0.0
1;27100;INTARIAN_PEPPER_ROOT;13020.0;9.0;13018.0;16.0;13017.0;19.0;13034.0;9.0;13037.0;19.0;;;13027.0;0.0
1;27200;ASH_COATED_OSMIUM;9992.0;13.0;;;;;10008.0;13.0;10009.0;20.0;10011.0;22.0;10000.0;0.0
1;27200;INTARIAN_PEPPER_ROOT;13020.0;12.0;;;;;13034.0;12.0;13035.0;17.0;13037.0;15.0;13027.0;0.0
1;27300;ASH_COATED_OSMIUM;9989.0;26.0;;;;;10008.0;10.0;10009.0;13.0;10009.0;15.0;9998.5;0.0
1;27300;INTARIAN_PEPPER_ROOT;13020.0;10.0;13019.0;12.0;13017.0;19.0;13034.0;10.0;13035.0;21.0;13038.0;19.0;13027.0;0.0
1;27400;ASH_COATED_OSMIUM;9992.0;15.0;9990.0;30.0;9989.0;27.0;10008.0;15.0;10010.0;27.0;;;10000.0;0.0
1;27400;INTARIAN_PEPPER_ROOT;13020.0;12.0;13019.0;17.0;13017.0;17.0;13034.0;12.0;;;;;13027.0;0.0
1;27500;ASH_COATED_OSMIUM;9991.0;10.0;9990.0;30.0;9989.0;26.0;10007.0;10.0;10010.0;26.0;;;9999.0;0.0
1;27500;INTARIAN_PEPPER_ROOT;13020.0;11.0;13018.0;10.0;13017.0;15.0;13035.0;11.0;13036.0;19.0;13038.0;15.0;13027.5;0.0
1;27600;ASH_COATED_OSMIUM;9989.0;25.0;;;;;10008.0;11.0;10009.0;20.0;10010.0;25.0;9998.5;0.0
1;27600;INTARIAN_PEPPER_ROOT;13021.0;10.0;13019.0;15.0;13017.0;25.0;13038.0;25.0;;;;;13029.5;0.0
1;27700;ASH_COATED_OSMIUM;9992.0;10.0;;;;;10008.0;10.0;10009.0;28.0;10010.0;22.0;10000.0;0.0
1;27700;INTARIAN_PEPPER_ROOT;13021.0;8.0;13018.0;23.0;13017.0;25.0;13035.0;8.0;;;;;13028.0;0.0
1;27800;ASH_COATED_OSMIUM;9989.0;22.0;;;;;10008.0;15.0;10009.0;29.0;10010.0;22.0;9998.5;0.0
1;27800;INTARIAN_PEPPER_ROOT;13021.0;10.0;13020.0;10.0;13018.0;17.0;13035.0;10.0;13037.0;21.0;13038.0;17.0;13028.0;0.0
1;27900;ASH_COATED_OSMIUM;9992.0;14.0;9990.0;10.0;9989.0;22.0;10008.0;14.0;10009.0;28.0;10010.0;22.0;10000.0;0.0
1;27900;INTARIAN_PEPPER_ROOT;13021.0;9.0;13019.0;18.0;13018.0;18.0;13035.0;9.0;13038.0;18.0;;;13028.0;0.0
1;28000;ASH_COATED_OSMIUM;10001.0;4.0;9993.0;10.0;9992.0;15.0;10008.0;15.0;10010.0;26.0;;;10004.5;0.0
1;28000;INTARIAN_PEPPER_ROOT;13021.0;12.0;13019.0;10.0;13018.0;23.0;13035.0;12.0;13036.0;16.0;13038.0;23.0;13028.0;0.0
1;28100;ASH_COATED_OSMIUM;9990.0;22.0;;;;;10011.0;22.0;;;;;10000.5;0.0
1;28100;INTARIAN_PEPPER_ROOT;13021.0;10.0;13020.0;24.0;13018.0;20.0;13038.0;20.0;;;;;13029.5;0.0
1;28200;ASH_COATED_OSMIUM;9992.0;11.0;9991.0;13.0;9990.0;23.0;10011.0;23.0;;;;;10001.5;0.0
1;28200;INTARIAN_PEPPER_ROOT;13021.0;12.0;13019.0;22.0;13018.0;22.0;13035.0;12.0;13038.0;22.0;;;13028.0;0.0
1;28300;ASH_COATED_OSMIUM;9992.0;13.0;9990.0;26.0;9989.0;21.0;10008.0;13.0;10010.0;21.0;;;10000.0;0.0
1;28300;INTARIAN_PEPPER_ROOT;13021.0;8.0;13019.0;22.0;13018.0;25.0;13039.0;25.0;;;;;13030.0;0.0
1;28400;ASH_COATED_OSMIUM;9992.0;10.0;9990.0;30.0;9989.0;21.0;10008.0;10.0;10010.0;21.0;;;10000.0;0.0
1;28400;INTARIAN_PEPPER_ROOT;13021.0;10.0;;;;;13035.0;10.0;13037.0;11.0;13038.0;8.0;13028.0;0.0
1;28500;ASH_COATED_OSMIUM;9992.0;11.0;9990.0;10.0;9989.0;26.0;10008.0;11.0;;;;;10000.0;0.0
1;28500;INTARIAN_PEPPER_ROOT;13021.0;11.0;;;;;13039.0;21.0;;;;;13030.0;0.0
1;28600;ASH_COATED_OSMIUM;9991.0;15.0;9990.0;30.0;9989.0;28.0;10007.0;15.0;10010.0;28.0;;;9999.0;0.0
1;28600;INTARIAN_PEPPER_ROOT;13022.0;10.0;13020.0;11.0;13018.0;17.0;13036.0;10.0;13038.0;10.0;13039.0;17.0;13029.0;0.0
1;28700;ASH_COATED_OSMIUM;9991.0;11.0;9990.0;10.0;9989.0;27.0;10010.0;27.0;;;;;10000.5;0.0
1;28700;INTARIAN_PEPPER_ROOT;13026.0;11.0;13023.0;15.0;13022.0;10.0;13036.0;10.0;13037.0;11.0;13039.0;19.0;13031.0;0.0
1;28800;ASH_COATED_OSMIUM;9991.0;15.0;9989.0;22.0;9988.0;30.0;10007.0;15.0;;;;;9999.0;0.0
1;28800;INTARIAN_PEPPER_ROOT;13022.0;11.0;;;;;13036.0;11.0;;;;;13029.0;0.0
1;28900;ASH_COATED_OSMIUM;9991.0;14.0;;;;;10007.0;14.0;10008.0;15.0;10009.0;23.0;9999.0;0.0
1;28900;INTARIAN_PEPPER_ROOT;13022.0;12.0;;;;;13039.0;23.0;;;;;13030.5;0.0
1;29000;ASH_COATED_OSMIUM;9991.0;10.0;9990.0;8.0;9990.0;20.0;10007.0;10.0;10010.0;25.0;;;9999.0;0.0
1;29000;INTARIAN_PEPPER_ROOT;13022.0;11.0;;;;;13036.0;11.0;13037.0;11.0;13038.0;8.0;13029.0;0.0
1;29100;ASH_COATED_OSMIUM;9991.0;11.0;9990.0;11.0;9989.0;30.0;10007.0;11.0;10008.0;26.0;10010.0;30.0;9999.0;0.0
1;29100;INTARIAN_PEPPER_ROOT;13022.0;9.0;;;;;13036.0;9.0;;;;;13029.0;0.0
1;29200;ASH_COATED_OSMIUM;9991.0;14.0;9989.0;11.0;9988.0;20.0;10007.0;14.0;10008.0;26.0;10009.0;20.0;9999.0;0.0
1;29200;INTARIAN_PEPPER_ROOT;;;;;;;13039.0;24.0;;;;;13039.0;0.0
1;29300;ASH_COATED_OSMIUM;9991.0;11.0;9990.0;12.0;9988.0;21.0;10007.0;11.0;10008.0;13.0;10009.0;21.0;9999.0;0.0
1;29300;INTARIAN_PEPPER_ROOT;13022.0;10.0;13021.0;22.0;13019.0;21.0;13036.0;10.0;13040.0;21.0;;;13029.0;0.0
1;29400;ASH_COATED_OSMIUM;9991.0;15.0;9990.0;12.0;9989.0;24.0;10007.0;15.0;10008.0;20.0;10010.0;24.0;9999.0;0.0
1;29400;INTARIAN_PEPPER_ROOT;13022.0;12.0;13021.0;20.0;13019.0;21.0;13036.0;12.0;13040.0;21.0;;;13029.0;0.0
1;29500;ASH_COATED_OSMIUM;9991.0;14.0;9989.0;30.0;9988.0;23.0;10007.0;14.0;10009.0;23.0;;;9999.0;0.0
1;29500;INTARIAN_PEPPER_ROOT;13022.0;11.0;;;;;13040.0;15.0;;;;;13031.0;0.0
1;29600;ASH_COATED_OSMIUM;9991.0;10.0;;;;;10007.0;10.0;10008.0;21.0;10009.0;27.0;9999.0;0.0
1;29600;INTARIAN_PEPPER_ROOT;13023.0;8.0;13019.0;18.0;;;13037.0;8.0;13040.0;18.0;;;13030.0;0.0
1;29700;ASH_COATED_OSMIUM;9988.0;29.0;;;;;10009.0;29.0;;;;;9998.5;0.0
1;29700;INTARIAN_PEPPER_ROOT;13023.0;10.0;13022.0;10.0;13019.0;19.0;13037.0;10.0;13039.0;11.0;13040.0;19.0;13030.0;0.0
1;29800;ASH_COATED_OSMIUM;9991.0;15.0;9990.0;15.0;9989.0;23.0;10007.0;15.0;10009.0;24.0;10010.0;23.0;9999.0;0.0
1;29800;INTARIAN_PEPPER_ROOT;13023.0;10.0;;;;;13037.0;10.0;13038.0;11.0;13039.0;9.0;13030.0;0.0
1;29900;ASH_COATED_OSMIUM;;;;;;;10007.0;12.0;10009.0;10.0;10010.0;25.0;10007.0;0.0
1;29900;INTARIAN_PEPPER_ROOT;13023.0;11.0;13021.0;8.0;13020.0;20.0;13037.0;11.0;13039.0;20.0;13040.0;20.0;13030.0;0.0
1;30000;ASH_COATED_OSMIUM;9991.0;13.0;9990.0;2.0;9990.0;12.0;10010.0;26.0;;;;;10000.5;0.0
1;30000;INTARIAN_PEPPER_ROOT;13023.0;11.0;13022.0;3.0;13021.0;11.0;13037.0;11.0;13038.0;22.0;13040.0;23.0;13030.0;0.0
1;30100;ASH_COATED_OSMIUM;9991.0;13.0;9990.0;21.0;9989.0;28.0;10007.0;13.0;10010.0;28.0;;;9999.0;0.0
1;30100;INTARIAN_PEPPER_ROOT;;;;;;;13040.0;20.0;;;;;13040.0;0.0
1;30200;ASH_COATED_OSMIUM;9992.0;13.0;9991.0;25.0;9989.0;24.0;10008.0;13.0;10010.0;24.0;;;10000.0;0.0
1;30200;INTARIAN_PEPPER_ROOT;13023.0;12.0;13020.0;20.0;;;;;;;;;13023.0;0.0
1;30300;ASH_COATED_OSMIUM;9992.0;13.0;;;;;10008.0;13.0;;;;;10000.0;0.0
1;30300;INTARIAN_PEPPER_ROOT;13023.0;11.0;13021.0;16.0;13020.0;25.0;13037.0;11.0;13040.0;19.0;13041.0;25.0;13030.0;0.0
1;30400;ASH_COATED_OSMIUM;9992.0;15.0;9991.0;30.0;9990.0;24.0;10008.0;15.0;10011.0;24.0;;;10000.0;0.0
1;30400;INTARIAN_PEPPER_ROOT;13023.0;11.0;13022.0;18.0;13020.0;25.0;13037.0;11.0;13041.0;25.0;;;13030.0;0.0
1;30500;ASH_COATED_OSMIUM;;;;;;;10010.0;20.0;;;;;10010.0;0.0
1;30500;INTARIAN_PEPPER_ROOT;13023.0;10.0;13022.0;10.0;13020.0;18.0;13041.0;18.0;;;;;13032.0;0.0
1;30600;ASH_COATED_OSMIUM;9989.0;25.0;;;;;10008.0;13.0;10009.0;27.0;10010.0;25.0;9998.5;0.0
1;30600;INTARIAN_PEPPER_ROOT;13024.0;8.0;;;;;13038.0;8.0;;;;;13031.0;0.0
1;30700;ASH_COATED_OSMIUM;9990.0;24.0;;;;;10008.0;15.0;10009.0;22.0;10011.0;24.0;9999.0;0.0
1;30700;INTARIAN_PEPPER_ROOT;13024.0;10.0;;;;;13038.0;10.0;13041.0;19.0;;;13031.0;0.0
1;30800;ASH_COATED_OSMIUM;9993.0;13.0;9992.0;15.0;9990.0;29.0;10009.0;13.0;10010.0;13.0;10011.0;29.0;10001.0;0.0
1;30800;INTARIAN_PEPPER_ROOT;13024.0;8.0;13023.0;8.0;13021.0;21.0;13038.0;8.0;13039.0;10.0;13041.0;21.0;13031.0;0.0
1;30900;ASH_COATED_OSMIUM;9992.0;14.0;9991.0;10.0;9990.0;24.0;10011.0;24.0;;;;;10001.5;0.0
1;30900;INTARIAN_PEPPER_ROOT;13024.0;11.0;13022.0;17.0;13021.0;22.0;13038.0;11.0;13041.0;22.0;;;13031.0;0.0
1;31000;ASH_COATED_OSMIUM;9992.0;14.0;9991.0;30.0;9990.0;30.0;10008.0;14.0;10011.0;30.0;;;10000.0;0.0
1;31000;INTARIAN_PEPPER_ROOT;13024.0;8.0;;;;;;;;;;;13024.0;0.0
1;31100;ASH_COATED_OSMIUM;9990.0;26.0;;;;;10009.0;13.0;10010.0;30.0;10011.0;26.0;9999.5;0.0
1;31100;INTARIAN_PEPPER_ROOT;13024.0;11.0;13023.0;18.0;13021.0;17.0;13038.0;11.0;13041.0;17.0;;;13031.0;0.0
1;31200;ASH_COATED_OSMIUM;;;;;;;10008.0;15.0;10010.0;14.0;10011.0;26.0;10008.0;0.0
1;31200;INTARIAN_PEPPER_ROOT;13024.0;12.0;13023.0;10.0;13021.0;25.0;13038.0;12.0;13040.0;11.0;13041.0;25.0;13031.0;0.0
1;31300;ASH_COATED_OSMIUM;9990.0;26.0;;;;;10009.0;15.0;;;;;9999.5;0.0
1;31300;INTARIAN_PEPPER_ROOT;13024.0;11.0;13022.0;21.0;13021.0;23.0;13038.0;11.0;13042.0;23.0;;;13031.0;0.0
1;31400;ASH_COATED_OSMIUM;9992.0;12.0;9991.0;23.0;9990.0;23.0;10008.0;12.0;10011.0;23.0;;;10000.0;0.0
1;31400;INTARIAN_PEPPER_ROOT;13024.0;12.0;13023.0;15.0;13021.0;22.0;13038.0;12.0;13040.0;20.0;13042.0;22.0;13031.0;0.0
1;31500;ASH_COATED_OSMIUM;9990.0;26.0;;;;;10008.0;12.0;;;;;9999.0;0.0
1;31500;INTARIAN_PEPPER_ROOT;13024.0;9.0;13022.0;25.0;13021.0;15.0;13039.0;9.0;13042.0;15.0;;;13031.5;0.0
1;31600;ASH_COATED_OSMIUM;9992.0;12.0;9991.0;12.0;9989.0;20.0;10008.0;12.0;10009.0;15.0;10010.0;20.0;10000.0;0.0
1;31600;INTARIAN_PEPPER_ROOT;13025.0;12.0;13022.0;17.0;13021.0;21.0;13039.0;12.0;13042.0;21.0;;;13032.0;0.0
1;31700;ASH_COATED_OSMIUM;9992.0;14.0;;;;;10010.0;20.0;;;;;10001.0;0.0
1;31700;INTARIAN_PEPPER_ROOT;13025.0;11.0;;;;;13042.0;21.0;;;;;13033.5;0.0
1;31800;ASH_COATED_OSMIUM;9991.0;10.0;9990.0;15.0;9989.0;29.0;10007.0;10.0;10009.0;30.0;10010.0;29.0;9999.0;0.0
1;31800;INTARIAN_PEPPER_ROOT;13025.0;10.0;13023.0;9.0;13022.0;21.0;13039.0;10.0;13040.0;8.0;13042.0;21.0;13032.0;0.0
1;31900;ASH_COATED_OSMIUM;9991.0;10.0;9990.0;24.0;9989.0;27.0;10010.0;27.0;;;;;10000.5;0.0
1;31900;INTARIAN_PEPPER_ROOT;13025.0;10.0;;;;;13039.0;10.0;;;;;13032.0;0.0
1;32000;ASH_COATED_OSMIUM;9992.0;11.0;9990.0;23.0;9989.0;27.0;10010.0;27.0;;;;;10001.0;0.0
1;32000;INTARIAN_PEPPER_ROOT;13025.0;8.0;13024.0;11.0;13022.0;22.0;13039.0;8.0;13040.0;23.0;13042.0;22.0;13032.0;0.0
1;32100;ASH_COATED_OSMIUM;9992.0;13.0;9991.0;12.0;9989.0;20.0;10008.0;13.0;10009.0;21.0;10010.0;20.0;10000.0;0.0
1;32100;INTARIAN_PEPPER_ROOT;13022.0;23.0;;;;;13039.0;8.0;13041.0;16.0;13042.0;23.0;13030.5;0.0
1;32200;ASH_COATED_OSMIUM;9992.0;12.0;9990.0;21.0;9989.0;20.0;10010.0;20.0;;;;;10001.0;0.0
1;32200;INTARIAN_PEPPER_ROOT;13022.0;21.0;;;;;13039.0;10.0;13040.0;20.0;13042.0;21.0;13030.5;0.0
1;32300;ASH_COATED_OSMIUM;9990.0;27.0;;;;;10008.0;10.0;10010.0;15.0;10010.0;29.0;9999.0;0.0
1;32300;INTARIAN_PEPPER_ROOT;13025.0;12.0;13023.0;10.0;13022.0;15.0;13043.0;15.0;;;;;13034.0;0.0
1;32400;ASH_COATED_OSMIUM;9993.0;12.0;9990.0;28.0;;;10009.0;12.0;;;;;10001.0;0.0
1;32400;INTARIAN_PEPPER_ROOT;13025.0;8.0;;;;;13039.0;8.0;13043.0;22.0;;;13032.0;0.0
1;32500;ASH_COATED_OSMIUM;9993.0;15.0;9992.0;26.0;9990.0;29.0;10009.0;15.0;;;;;10001.0;0.0
1;32500;INTARIAN_PEPPER_ROOT;13036.0;4.0;13028.0;9.0;13022.0;19.0;13040.0;9.0;13042.0;17.0;13043.0;19.0;13038.0;0.0
1;32600;ASH_COATED_OSMIUM;9990.0;23.0;;;;;10009.0;14.0;10010.0;26.0;10011.0;23.0;9999.5;0.0
1;32600;INTARIAN_PEPPER_ROOT;13026.0;8.0;13024.0;12.0;13022.0;19.0;13040.0;8.0;13041.0;12.0;13043.0;19.0;13033.0;0.0
1;32700;ASH_COATED_OSMIUM;9993.0;11.0;9992.0;20.0;9990.0;21.0;10009.0;11.0;10011.0;21.0;;;10001.0;0.0
1;32700;INTARIAN_PEPPER_ROOT;13026.0;9.0;13024.0;10.0;13022.0;25.0;13040.0;9.0;13042.0;12.0;13043.0;25.0;13033.0;0.0
1;32800;ASH_COATED_OSMIUM;9992.0;12.0;9991.0;10.0;9990.0;24.0;9998.0;9.0;10004.0;12.0;10008.0;12.0;9995.0;0.0
1;32800;INTARIAN_PEPPER_ROOT;13026.0;11.0;13025.0;12.0;13023.0;24.0;;;;;;;13026.0;0.0
1;32900;ASH_COATED_OSMIUM;9992.0;10.0;9991.0;13.0;9989.0;28.0;10010.0;28.0;;;;;10001.0;0.0
1;32900;INTARIAN_PEPPER_ROOT;13026.0;10.0;13025.0;12.0;13023.0;16.0;13040.0;10.0;13042.0;10.0;13043.0;16.0;13033.0;0.0
1;33000;ASH_COATED_OSMIUM;9990.0;22.0;;;;;10011.0;22.0;;;;;10000.5;0.0
1;33000;INTARIAN_PEPPER_ROOT;13026.0;9.0;;;;;13040.0;9.0;13042.0;17.0;13043.0;21.0;13033.0;0.0
1;33100;ASH_COATED_OSMIUM;;;;;;;10008.0;10.0;;;;;10008.0;0.0
1;33100;INTARIAN_PEPPER_ROOT;13026.0;11.0;13025.0;15.0;13023.0;25.0;13040.0;11.0;;;;;13033.0;0.0
1;33200;ASH_COATED_OSMIUM;9992.0;12.0;9991.0;22.0;9990.0;27.0;10008.0;12.0;;;;;10000.0;0.0
1;33200;INTARIAN_PEPPER_ROOT;13026.0;9.0;13024.0;12.0;13023.0;17.0;13040.0;9.0;13042.0;10.0;13043.0;17.0;13033.0;0.0
1;33300;ASH_COATED_OSMIUM;9993.0;13.0;9992.0;13.0;9991.0;25.0;10012.0;25.0;;;;;10002.5;0.0
1;33300;INTARIAN_PEPPER_ROOT;13037.0;7.0;13028.0;22.0;13026.0;8.0;13040.0;8.0;13044.0;20.0;;;13038.5;0.0
1;33400;ASH_COATED_OSMIUM;9993.0;13.0;9992.0;26.0;9991.0;20.0;9999.0;9.0;;;;;9996.0;0.0
1;33400;INTARIAN_PEPPER_ROOT;13026.0;9.0;13024.0;9.0;13023.0;23.0;13040.0;9.0;13041.0;15.0;13044.0;23.0;13033.0;0.0
1;33500;ASH_COATED_OSMIUM;9993.0;14.0;9992.0;11.0;9990.0;25.0;10009.0;14.0;10010.0;13.0;10011.0;25.0;10001.0;0.0
1;33500;INTARIAN_PEPPER_ROOT;13026.0;8.0;13025.0;18.0;13023.0;18.0;13041.0;8.0;13044.0;18.0;;;13033.5;0.0
1;33600;ASH_COATED_OSMIUM;9991.0;26.0;;;;;10009.0;10.0;10010.0;27.0;10012.0;26.0;10000.0;0.0
1;33600;INTARIAN_PEPPER_ROOT;13027.0;11.0;13025.0;16.0;13023.0;22.0;13036.0;12.0;13037.0;9.0;13041.0;11.0;13031.5;0.0
1;33700;ASH_COATED_OSMIUM;9994.0;13.0;9993.0;15.0;9992.0;27.0;10010.0;13.0;10011.0;24.0;10013.0;27.0;10002.0;0.0
1;33700;INTARIAN_PEPPER_ROOT;13027.0;10.0;13026.0;15.0;13023.0;19.0;13041.0;10.0;13044.0;19.0;;;13034.0;0.0
1;33800;ASH_COATED_OSMIUM;9994.0;12.0;9993.0;25.0;9992.0;24.0;10010.0;12.0;10013.0;24.0;;;10002.0;0.0
1;33800;INTARIAN_PEPPER_ROOT;13027.0;9.0;13025.0;11.0;13024.0;22.0;13041.0;9.0;13043.0;11.0;13044.0;22.0;13034.0;0.0
1;33900;ASH_COATED_OSMIUM;9994.0;10.0;9993.0;15.0;9992.0;20.0;10010.0;10.0;10013.0;20.0;;;10002.0;0.0
1;33900;INTARIAN_PEPPER_ROOT;;;;;;;13041.0;10.0;13043.0;16.0;13044.0;15.0;13041.0;0.0
1;34000;ASH_COATED_OSMIUM;9994.0;11.0;9992.0;27.0;9991.0;25.0;10010.0;11.0;10012.0;25.0;;;10002.0;0.0
1;34000;INTARIAN_PEPPER_ROOT;13027.0;8.0;13026.0;11.0;13024.0;20.0;13041.0;8.0;13043.0;23.0;13044.0;20.0;13034.0;0.0
1;34100;ASH_COATED_OSMIUM;9994.0;13.0;9992.0;15.0;9991.0;29.0;10010.0;13.0;;;;;10002.0;0.0
1;34100;INTARIAN_PEPPER_ROOT;13027.0;11.0;13025.0;9.0;13024.0;25.0;13041.0;11.0;13042.0;11.0;13044.0;25.0;13034.0;0.0
1;34200;ASH_COATED_OSMIUM;9991.0;21.0;;;;;10010.0;14.0;10011.0;11.0;10012.0;21.0;10000.5;0.0
1;34200;INTARIAN_PEPPER_ROOT;13027.0;12.0;;;;;13044.0;16.0;;;;;13035.5;0.0
1;34300;ASH_COATED_OSMIUM;9994.0;10.0;9993.0;23.0;9991.0;30.0;10010.0;10.0;10012.0;30.0;;;10002.0;0.0
1;34300;INTARIAN_PEPPER_ROOT;13027.0;9.0;13025.0;10.0;13024.0;23.0;13041.0;9.0;13044.0;12.0;13045.0;23.0;13034.0;0.0
1;34400;ASH_COATED_OSMIUM;9994.0;15.0;9993.0;24.0;9991.0;25.0;10010.0;15.0;10012.0;25.0;;;10002.0;0.0
1;34400;INTARIAN_PEPPER_ROOT;13027.0;8.0;13026.0;12.0;13024.0;15.0;13041.0;8.0;13045.0;15.0;;;13034.0;0.0
1;34500;ASH_COATED_OSMIUM;9994.0;15.0;;;;;10012.0;21.0;;;;;10003.0;0.0
1;34500;INTARIAN_PEPPER_ROOT;13027.0;8.0;13026.0;19.0;13024.0;19.0;13045.0;19.0;;;;;13036.0;0.0
1;34600;ASH_COATED_OSMIUM;9993.0;10.0;;;;;10009.0;10.0;10011.0;21.0;10012.0;20.0;10001.0;0.0
1;34600;INTARIAN_PEPPER_ROOT;;;;;;;13042.0;12.0;13044.0;17.0;13045.0;20.0;13042.0;0.0
1;34700;ASH_COATED_OSMIUM;9993.0;15.0;9992.0;15.0;9991.0;29.0;10009.0;15.0;10011.0;23.0;10012.0;29.0;10001.0;0.0
1;34700;INTARIAN_PEPPER_ROOT;13028.0;9.0;13025.0;20.0;13024.0;16.0;13042.0;9.0;;;;;13035.0;0.0
1;34800;ASH_COATED_OSMIUM;9994.0;15.0;;;;;10010.0;15.0;10011.0;11.0;10012.0;22.0;10002.0;0.0
1;34800;INTARIAN_PEPPER_ROOT;13028.0;8.0;;;;;13042.0;8.0;13043.0;25.0;13045.0;18.0;13035.0;0.0
1;34900;ASH_COATED_OSMIUM;9994.0;12.0;;;;;10010.0;12.0;;;;;10002.0;0.0
1;34900;INTARIAN_PEPPER_ROOT;13028.0;9.0;13026.0;10.0;13025.0;19.0;13045.0;19.0;;;;;13036.5;0.0
1;35000;ASH_COATED_OSMIUM;9992.0;24.0;;;;;10010.0;13.0;10012.0;27.0;10013.0;24.0;10001.0;0.0
1;35000;INTARIAN_PEPPER_ROOT;13025.0;20.0;;;;;13042.0;8.0;13044.0;12.0;13045.0;20.0;13033.5;0.0
1;35100;ASH_COATED_OSMIUM;9994.0;11.0;;;;;10012.0;20.0;;;;;10003.0;0.0
1;35100;INTARIAN_PEPPER_ROOT;13025.0;25.0;;;;;;;;;;;13025.0;0.0
1;35200;ASH_COATED_OSMIUM;9994.0;14.0;9993.0;10.0;9992.0;20.0;10010.0;14.0;10011.0;10.0;10013.0;20.0;10002.0;0.0
1;35200;INTARIAN_PEPPER_ROOT;13028.0;12.0;13027.0;11.0;13025.0;15.0;13042.0;12.0;13044.0;8.0;13045.0;15.0;13035.0;0.0
1;35300;ASH_COATED_OSMIUM;9994.0;15.0;9993.0;24.0;9992.0;30.0;10010.0;15.0;10013.0;30.0;;;10002.0;0.0
1;35300;INTARIAN_PEPPER_ROOT;13028.0;8.0;13026.0;8.0;13026.0;25.0;13042.0;8.0;13046.0;25.0;;;13035.0;0.0
1;35400;ASH_COATED_OSMIUM;;;;;;;10011.0;12.0;10012.0;12.0;10013.0;25.0;10011.0;0.0
1;35400;INTARIAN_PEPPER_ROOT;13028.0;8.0;13026.0;10.0;13025.0;20.0;13042.0;8.0;13045.0;11.0;13046.0;20.0;13035.0;0.0
1;35500;ASH_COATED_OSMIUM;9994.0;13.0;;;;;10010.0;13.0;10013.0;20.0;;;10002.0;0.0
1;35500;INTARIAN_PEPPER_ROOT;13028.0;8.0;;;;;13043.0;8.0;;;;;13035.5;0.0
1;35600;ASH_COATED_OSMIUM;9994.0;13.0;9993.0;13.0;9992.0;20.0;10010.0;13.0;10012.0;27.0;10013.0;20.0;10002.0;0.0
1;35600;INTARIAN_PEPPER_ROOT;13029.0;8.0;;;;;13046.0;18.0;;;;;13037.5;0.0
1;35700;ASH_COATED_OSMIUM;9994.0;11.0;;;;;10010.0;11.0;10012.0;25.0;10013.0;22.0;10002.0;0.0
1;35700;INTARIAN_PEPPER_ROOT;13039.0;3.0;13035.0;11.0;13029.0;9.0;13043.0;9.0;13045.0;12.0;13046.0;20.0;13041.0;0.0
1;35800;ASH_COATED_OSMIUM;9995.0;10.0;9993.0;27.0;9992.0;26.0;10011.0;10.0;10013.0;26.0;;;10003.0;0.0
1;35800;INTARIAN_PEPPER_ROOT;13026.0;19.0;;;;;13031.0;7.0;13043.0;9.0;13045.0;23.0;13028.5;0.0
1;35900;ASH_COATED_OSMIUM;9994.0;11.0;9993.0;28.0;9992.0;20.0;10010.0;11.0;10013.0;20.0;;;10002.0;0.0
1;35900;INTARIAN_PEPPER_ROOT;13029.0;11.0;13028.0;21.0;13026.0;20.0;13043.0;11.0;13046.0;20.0;;;13036.0;0.0
1;36000;ASH_COATED_OSMIUM;9992.0;24.0;;;;;10013.0;24.0;;;;;10002.5;0.0
1;36000;INTARIAN_PEPPER_ROOT;13029.0;9.0;13028.0;8.0;13026.0;15.0;13043.0;9.0;13044.0;21.0;13046.0;15.0;13036.0;0.0
1;36100;ASH_COATED_OSMIUM;9994.0;15.0;9993.0;14.0;9992.0;27.0;10013.0;27.0;;;;;10003.5;0.0
1;36100;INTARIAN_PEPPER_ROOT;13040.0;4.0;13030.0;9.0;13029.0;11.0;13043.0;11.0;13045.0;11.0;13046.0;22.0;13041.5;0.0
1;36200;ASH_COATED_OSMIUM;9994.0;15.0;;;;;10010.0;15.0;10011.0;25.0;10013.0;29.0;10002.0;0.0
1;36200;INTARIAN_PEPPER_ROOT;13029.0;10.0;13028.0;21.0;13026.0;17.0;13043.0;10.0;13046.0;17.0;;;13036.0;0.0
1;36300;ASH_COATED_OSMIUM;9994.0;15.0;;;;;10010.0;15.0;10011.0;22.0;10012.0;12.0;10002.0;0.0
1;36300;INTARIAN_PEPPER_ROOT;;;;;;;13047.0;16.0;;;;;13047.0;0.0
1;36400;ASH_COATED_OSMIUM;9994.0;12.0;9993.0;14.0;9992.0;25.0;10010.0;12.0;10011.0;15.0;10013.0;25.0;10002.0;0.0
1;36400;INTARIAN_PEPPER_ROOT;13029.0;9.0;13027.0;25.0;13026.0;24.0;13043.0;9.0;13047.0;24.0;;;13036.0;0.0
1;36500;ASH_COATED_OSMIUM;9994.0;15.0;9993.0;11.0;9992.0;21.0;10010.0;15.0;;;;;10002.0;0.0
1;36500;INTARIAN_PEPPER_ROOT;13029.0;8.0;13028.0;12.0;13026.0;17.0;13044.0;8.0;13045.0;9.0;13047.0;17.0;13036.5;0.0
1;36600;ASH_COATED_OSMIUM;9991.0;23.0;;;;;10009.0;15.0;10011.0;22.0;10012.0;23.0;10000.0;0.0
1;36600;INTARIAN_PEPPER_ROOT;13030.0;10.0;13029.0;10.0;13026.0;19.0;13044.0;10.0;;;;;13037.0;0.0
1;36700;ASH_COATED_OSMIUM;9993.0;12.0;9992.0;22.0;9991.0;27.0;10009.0;12.0;10012.0;27.0;;;10001.0;0.0
1;36700;INTARIAN_PEPPER_ROOT;13030.0;11.0;13028.0;16.0;13026.0;20.0;13044.0;11.0;13047.0;20.0;;;13037.0;0.0
1;36800;ASH_COATED_OSMIUM;9994.0;12.0;9993.0;27.0;9991.0;21.0;10012.0;21.0;;;;;10003.0;0.0
1;36800;INTARIAN_PEPPER_ROOT;13030.0;11.0;13029.0;21.0;13027.0;15.0;13044.0;11.0;;;;;13037.0;0.0
1;36900;ASH_COATED_OSMIUM;9994.0;11.0;9993.0;23.0;9992.0;23.0;10013.0;23.0;;;;;10003.5;0.0
1;36900;INTARIAN_PEPPER_ROOT;13030.0;10.0;;;;;;;;;;;13030.0;0.0
1;37000;ASH_COATED_OSMIUM;9995.0;11.0;9993.0;22.0;9992.0;28.0;10013.0;28.0;;;;;10004.0;0.0
1;37000;INTARIAN_PEPPER_ROOT;13030.0;9.0;13029.0;21.0;13027.0;22.0;13044.0;9.0;13047.0;22.0;;;13037.0;0.0
1;37100;ASH_COATED_OSMIUM;9994.0;14.0;9993.0;14.0;9992.0;23.0;10010.0;14.0;10011.0;15.0;10013.0;23.0;10002.0;0.0
1;37100;INTARIAN_PEPPER_ROOT;13030.0;11.0;;;;;13044.0;11.0;13046.0;10.0;13046.0;19.0;13037.0;0.0
1;37200;ASH_COATED_OSMIUM;9994.0;15.0;9993.0;11.0;9992.0;24.0;10010.0;15.0;10011.0;14.0;10013.0;24.0;10002.0;0.0
1;37200;INTARIAN_PEPPER_ROOT;13030.0;10.0;13029.0;20.0;13027.0;24.0;13044.0;10.0;;;;;13037.0;0.0
1;37300;ASH_COATED_OSMIUM;9994.0;11.0;9993.0;30.0;9991.0;29.0;10010.0;11.0;10012.0;29.0;;;10002.0;0.0
1;37300;INTARIAN_PEPPER_ROOT;13030.0;11.0;;;;;13044.0;11.0;;;;;13037.0;0.0
1;37400;ASH_COATED_OSMIUM;9993.0;14.0;9992.0;12.0;9990.0;20.0;10009.0;14.0;10010.0;11.0;10011.0;20.0;10001.0;0.0
1;37400;INTARIAN_PEPPER_ROOT;13030.0;11.0;13028.0;11.0;13027.0;20.0;13044.0;11.0;;;;;13037.0;0.0
1;37500;ASH_COATED_OSMIUM;9990.0;22.0;;;;;10009.0;15.0;10010.0;12.0;10011.0;22.0;9999.5;0.0
1;37500;INTARIAN_PEPPER_ROOT;13030.0;9.0;13028.0;15.0;13027.0;24.0;13048.0;24.0;;;;;13039.0;0.0
1;37600;ASH_COATED_OSMIUM;9993.0;12.0;9991.0;13.0;9990.0;24.0;10009.0;12.0;10010.0;30.0;10011.0;24.0;10001.0;0.0
1;37600;INTARIAN_PEPPER_ROOT;13031.0;10.0;13029.0;8.0;13027.0;22.0;13048.0;22.0;;;;;13039.5;0.0
1;37700;ASH_COATED_OSMIUM;9993.0;12.0;9992.0;21.0;9990.0;21.0;10009.0;12.0;10011.0;21.0;;;10001.0;0.0
1;37700;INTARIAN_PEPPER_ROOT;13027.0;17.0;;;;;13045.0;12.0;;;;;13036.0;0.0
1;37800;ASH_COATED_OSMIUM;10002.0;8.0;9991.0;22.0;9990.0;25.0;10011.0;25.0;;;;;10006.5;0.0
1;37800;INTARIAN_PEPPER_ROOT;;;;;;;13045.0;8.0;13048.0;23.0;;;13045.0;0.0
1;37900;ASH_COATED_OSMIUM;9992.0;11.0;9991.0;22.0;9990.0;27.0;10008.0;11.0;10011.0;27.0;;;10000.0;0.0
1;37900;INTARIAN_PEPPER_ROOT;13031.0;9.0;;;;;13045.0;9.0;13047.0;12.0;13048.0;25.0;13038.0;0.0
1;38000;ASH_COATED_OSMIUM;9992.0;13.0;9991.0;26.0;9990.0;24.0;10008.0;13.0;10011.0;24.0;;;10000.0;0.0
1;38000;INTARIAN_PEPPER_ROOT;;;;;;;13045.0;11.0;13047.0;22.0;13048.0;23.0;13045.0;0.0
1;38100;ASH_COATED_OSMIUM;9992.0;14.0;;;;;10011.0;27.0;;;;;10001.5;0.0
1;38100;INTARIAN_PEPPER_ROOT;13031.0;12.0;13029.0;17.0;13028.0;23.0;13045.0;12.0;13047.0;20.0;13048.0;23.0;13038.0;0.0
1;38200;ASH_COATED_OSMIUM;9992.0;14.0;9991.0;12.0;9990.0;29.0;10011.0;29.0;;;;;10001.5;0.0
1;38200;INTARIAN_PEPPER_ROOT;13031.0;8.0;13029.0;11.0;13028.0;15.0;13048.0;15.0;;;;;13039.5;0.0
1;38300;ASH_COATED_OSMIUM;9992.0;14.0;9991.0;21.0;9990.0;25.0;10008.0;14.0;10011.0;25.0;;;10000.0;0.0
1;38300;INTARIAN_PEPPER_ROOT;13031.0;9.0;;;;;;;;;;;13031.0;0.0
1;38400;ASH_COATED_OSMIUM;9992.0;11.0;9991.0;30.0;9990.0;25.0;10008.0;11.0;;;;;10000.0;0.0
1;38400;INTARIAN_PEPPER_ROOT;13031.0;11.0;13030.0;8.0;13029.0;22.0;13034.0;8.0;13045.0;11.0;13049.0;23.0;13032.5;0.0
1;38500;ASH_COATED_OSMIUM;9992.0;13.0;9991.0;28.0;9990.0;22.0;10008.0;13.0;10011.0;22.0;;;10000.0;0.0
1;38500;INTARIAN_PEPPER_ROOT;13028.0;15.0;;;;;13046.0;9.0;;;;;13037.0;0.0
1;38600;ASH_COATED_OSMIUM;9992.0;10.0;;;;;10011.0;29.0;;;;;10001.5;0.0
1;38600;INTARIAN_PEPPER_ROOT;13032.0;8.0;13030.0;9.0;13028.0;23.0;13046.0;8.0;13048.0;18.0;13049.0;23.0;13039.0;0.0
1;38700;ASH_COATED_OSMIUM;9993.0;10.0;9992.0;27.0;9991.0;5.0;10009.0;10.0;;;;;10001.0;0.0
1;38700;INTARIAN_PEPPER_ROOT;13032.0;12.0;13030.0;11.0;13028.0;16.0;13046.0;12.0;13047.0;17.0;13049.0;16.0;13039.0;0.0
1;38800;ASH_COATED_OSMIUM;9992.0;15.0;9990.0;3.0;9990.0;11.0;10008.0;15.0;10009.0;21.0;10010.0;21.0;10000.0;0.0
1;38800;INTARIAN_PEPPER_ROOT;13029.0;18.0;;;;;13046.0;9.0;13048.0;12.0;13049.0;18.0;13037.5;0.0
1;38900;ASH_COATED_OSMIUM;9992.0;15.0;9991.0;20.0;9990.0;21.0;10008.0;15.0;;;;;10000.0;0.0
1;38900;INTARIAN_PEPPER_ROOT;13032.0;10.0;13031.0;10.0;13029.0;16.0;13046.0;10.0;13048.0;18.0;13049.0;16.0;13039.0;0.0
1;39000;ASH_COATED_OSMIUM;9992.0;11.0;9991.0;26.0;9990.0;29.0;10011.0;29.0;;;;;10001.5;0.0
1;39000;INTARIAN_PEPPER_ROOT;13029.0;23.0;;;;;13046.0;8.0;13047.0;12.0;13047.0;22.0;13037.5;0.0
1;39100;ASH_COATED_OSMIUM;9992.0;10.0;;;;;10008.0;10.0;10009.0;20.0;10011.0;21.0;10000.0;0.0
1;39100;INTARIAN_PEPPER_ROOT;13032.0;11.0;;;;;13046.0;11.0;13047.0;11.0;13047.0;23.0;13039.0;0.0
1;39200;ASH_COATED_OSMIUM;9992.0;13.0;9991.0;15.0;9989.0;21.0;10010.0;21.0;;;;;10001.0;0.0
1;39200;INTARIAN_PEPPER_ROOT;13032.0;12.0;13030.0;10.0;13029.0;23.0;13046.0;12.0;13047.0;23.0;13049.0;23.0;13039.0;0.0
1;39300;ASH_COATED_OSMIUM;9989.0;21.0;;;;;10008.0;12.0;10009.0;14.0;10010.0;21.0;9998.5;0.0
1;39300;INTARIAN_PEPPER_ROOT;13032.0;9.0;13031.0;10.0;13029.0;21.0;13046.0;9.0;13048.0;9.0;13050.0;21.0;13039.0;0.0
1;39400;ASH_COATED_OSMIUM;9989.0;25.0;;;;;10010.0;25.0;;;;;9999.5;0.0
1;39400;INTARIAN_PEPPER_ROOT;13032.0;8.0;;;;;13050.0;25.0;;;;;13041.0;0.0
1;39500;ASH_COATED_OSMIUM;9991.0;13.0;9990.0;28.0;9989.0;23.0;10007.0;13.0;;;;;9999.0;0.0
1;39500;INTARIAN_PEPPER_ROOT;13032.0;10.0;;;;;13047.0;10.0;13048.0;8.0;13048.0;11.0;13039.5;0.0
1;39600;ASH_COATED_OSMIUM;9992.0;14.0;9991.0;11.0;9989.0;28.0;10008.0;14.0;;;;;10000.0;0.0
1;39600;INTARIAN_PEPPER_ROOT;13033.0;8.0;;;;;13047.0;8.0;13050.0;24.0;;;13040.0;0.0
1;39700;ASH_COATED_OSMIUM;9991.0;14.0;9990.0;26.0;9989.0;20.0;10007.0;14.0;10010.0;20.0;;;9999.0;0.0
1;39700;INTARIAN_PEPPER_ROOT;13033.0;8.0;13030.0;18.0;13029.0;16.0;13047.0;8.0;;;;;13040.0;0.0
1;39800;ASH_COATED_OSMIUM;;;;;;;10007.0;10.0;10010.0;26.0;;;10007.0;0.0
1;39800;INTARIAN_PEPPER_ROOT;13033.0;11.0;13031.0;11.0;13030.0;21.0;13047.0;11.0;13048.0;18.0;13050.0;21.0;13040.0;0.0
1;39900;ASH_COATED_OSMIUM;9992.0;10.0;9991.0;24.0;9989.0;24.0;10008.0;10.0;;;;;10000.0;0.0
1;39900;INTARIAN_PEPPER_ROOT;13033.0;11.0;13032.0;8.0;13031.0;11.0;13047.0;11.0;13050.0;23.0;;;13040.0;0.0
1;40000;ASH_COATED_OSMIUM;9989.0;29.0;;;;;10007.0;15.0;10009.0;25.0;10010.0;29.0;9998.0;0.0
1;40000;INTARIAN_PEPPER_ROOT;13030.0;19.0;;;;;13047.0;10.0;13048.0;16.0;13050.0;19.0;13038.5;0.0
1;40100;ASH_COATED_OSMIUM;9992.0;14.0;9990.0;14.0;9989.0;30.0;10008.0;14.0;10009.0;26.0;10010.0;30.0;10000.0;0.0
1;40100;INTARIAN_PEPPER_ROOT;13033.0;12.0;13031.0;16.0;13030.0;17.0;13047.0;12.0;;;;;13040.0;0.0
1;40200;ASH_COATED_OSMIUM;9992.0;13.0;9991.0;21.0;9990.0;20.0;10008.0;13.0;10011.0;20.0;;;10000.0;0.0
1;40200;INTARIAN_PEPPER_ROOT;13033.0;8.0;;;;;13047.0;8.0;13049.0;12.0;13050.0;19.0;13040.0;0.0
1;40300;ASH_COATED_OSMIUM;9990.0;30.0;;;;;10011.0;30.0;;;;;10000.5;0.0
1;40300;INTARIAN_PEPPER_ROOT;;;;;;;;;;;;;0.0;0.0
1;40400;ASH_COATED_OSMIUM;9990.0;22.0;;;;;10008.0;10.0;10010.0;22.0;10011.0;22.0;9999.0;0.0
1;40400;INTARIAN_PEPPER_ROOT;13033.0;8.0;13032.0;12.0;13030.0;19.0;13051.0;19.0;;;;;13042.0;0.0
1;40500;ASH_COATED_OSMIUM;;;;;;;10008.0;14.0;10009.0;10.0;10011.0;20.0;10008.0;0.0
1;40500;INTARIAN_PEPPER_ROOT;13033.0;9.0;13032.0;22.0;13030.0;17.0;13048.0;9.0;13051.0;17.0;;;13040.5;0.0
1;40600;ASH_COATED_OSMIUM;9992.0;15.0;;;;;10008.0;15.0;10010.0;12.0;10011.0;27.0;10000.0;0.0
1;40600;INTARIAN_PEPPER_ROOT;13034.0;11.0;13033.0;11.0;13030.0;18.0;13048.0;11.0;13049.0;17.0;13051.0;18.0;13041.0;0.0
1;40700;ASH_COATED_OSMIUM;9992.0;10.0;9991.0;26.0;9990.0;20.0;10008.0;10.0;;;;;10000.0;0.0
1;40700;INTARIAN_PEPPER_ROOT;13034.0;8.0;13033.0;24.0;13030.0;18.0;13048.0;8.0;13051.0;18.0;;;13041.0;0.0
1;40800;ASH_COATED_OSMIUM;9993.0;12.0;;;;;10009.0;12.0;10010.0;24.0;10011.0;24.0;10001.0;0.0
1;40800;INTARIAN_PEPPER_ROOT;13034.0;11.0;13032.0;23.0;13031.0;25.0;13048.0;11.0;13051.0;25.0;;;13041.0;0.0
1;40900;ASH_COATED_OSMIUM;9993.0;10.0;9990.0;20.0;;;10011.0;20.0;;;;;10002.0;0.0
1;40900;INTARIAN_PEPPER_ROOT;13034.0;8.0;;;;;13048.0;8.0;13049.0;12.0;13051.0;17.0;13041.0;0.0
1;41000;ASH_COATED_OSMIUM;9993.0;13.0;9991.0;24.0;9990.0;27.0;10009.0;13.0;10011.0;27.0;;;10001.0;0.0
1;41000;INTARIAN_PEPPER_ROOT;13034.0;11.0;13033.0;22.0;13031.0;23.0;13048.0;11.0;;;;;13041.0;0.0
1;41100;ASH_COATED_OSMIUM;9993.0;13.0;9991.0;13.0;9990.0;21.0;10009.0;13.0;10010.0;12.0;10011.0;21.0;10001.0;0.0
1;41100;INTARIAN_PEPPER_ROOT;13034.0;9.0;13032.0;19.0;13031.0;18.0;13048.0;9.0;13051.0;18.0;;;13041.0;0.0
1;41200;ASH_COATED_OSMIUM;9993.0;15.0;9992.0;10.0;9991.0;15.0;10009.0;15.0;10012.0;26.0;;;10001.0;0.0
1;41200;INTARIAN_PEPPER_ROOT;13034.0;9.0;13032.0;10.0;13031.0;16.0;13051.0;16.0;;;;;13042.5;0.0
1;41300;ASH_COATED_OSMIUM;9991.0;27.0;;;;;10009.0;10.0;10010.0;30.0;10012.0;27.0;10000.0;0.0
1;41300;INTARIAN_PEPPER_ROOT;13031.0;25.0;;;;;13048.0;8.0;13049.0;25.0;13052.0;25.0;13039.5;0.0
1;41400;ASH_COATED_OSMIUM;9993.0;15.0;9992.0;13.0;9991.0;26.0;10009.0;15.0;10010.0;21.0;10012.0;26.0;10001.0;0.0
1;41400;INTARIAN_PEPPER_ROOT;13034.0;9.0;;;;;13048.0;9.0;;;;;13041.0;0.0
1;41500;ASH_COATED_OSMIUM;9993.0;12.0;9992.0;21.0;9991.0;20.0;10009.0;12.0;;;;;10001.0;0.0
1;41500;INTARIAN_PEPPER_ROOT;13031.0;24.0;;;;;13049.0;10.0;13051.0;8.0;13051.0;20.0;13040.0;0.0
1;41600;ASH_COATED_OSMIUM;9993.0;10.0;9992.0;15.0;9991.0;29.0;10009.0;10.0;10011.0;15.0;10012.0;29.0;10001.0;0.0
1;41600;INTARIAN_PEPPER_ROOT;13035.0;11.0;13034.0;12.0;13031.0;17.0;13049.0;11.0;13051.0;18.0;13052.0;17.0;13042.0;0.0
1;41700;ASH_COATED_OSMIUM;9994.0;12.0;9993.0;27.0;9991.0;22.0;10010.0;12.0;10012.0;22.0;;;10002.0;0.0
1;41700;INTARIAN_PEPPER_ROOT;13035.0;10.0;13033.0;11.0;13031.0;23.0;13049.0;10.0;13050.0;8.0;13052.0;23.0;13042.0;0.0
1;41800;ASH_COATED_OSMIUM;10003.0;5.0;9997.0;23.0;9994.0;12.0;10010.0;12.0;10012.0;22.0;;;10006.5;0.0
1;41800;INTARIAN_PEPPER_ROOT;13035.0;12.0;13033.0;8.0;13032.0;20.0;13049.0;12.0;;;;;13042.0;0.0
1;41900;ASH_COATED_OSMIUM;9992.0;24.0;;;;;10010.0;12.0;10013.0;24.0;;;10001.0;0.0
1;41900;INTARIAN_PEPPER_ROOT;13035.0;12.0;13033.0;8.0;13032.0;20.0;13049.0;12.0;13051.0;25.0;13052.0;20.0;13042.0;0.0
1;42000;ASH_COATED_OSMIUM;9993.0;10.0;9992.0;14.0;9991.0;28.0;10009.0;10.0;10011.0;24.0;10012.0;28.0;10001.0;0.0
1;42000;INTARIAN_PEPPER_ROOT;13035.0;8.0;;;;;13038.0;8.0;13044.0;10.0;13049.0;8.0;13036.5;0.0
1;42100;ASH_COATED_OSMIUM;9994.0;12.0;;;;;10010.0;12.0;;;;;10002.0;0.0
1;42100;INTARIAN_PEPPER_ROOT;13035.0;12.0;13034.0;22.0;13032.0;16.0;13052.0;16.0;;;;;13043.5;0.0
1;42200;ASH_COATED_OSMIUM;9991.0;20.0;;;;;10012.0;20.0;;;;;10001.5;0.0
1;42200;INTARIAN_PEPPER_ROOT;13035.0;8.0;13034.0;11.0;13032.0;23.0;13049.0;8.0;;;;;13042.0;0.0
1;42300;ASH_COATED_OSMIUM;9994.0;13.0;9992.0;15.0;9991.0;21.0;10012.0;21.0;;;;;10003.0;0.0
1;42300;INTARIAN_PEPPER_ROOT;13035.0;11.0;13034.0;16.0;13032.0;15.0;13049.0;11.0;13053.0;15.0;;;13042.0;0.0
1;42400;ASH_COATED_OSMIUM;9992.0;29.0;;;;;10013.0;29.0;;;;;10002.5;0.0
1;42400;INTARIAN_PEPPER_ROOT;13035.0;12.0;13033.0;10.0;13032.0;25.0;13049.0;12.0;13052.0;16.0;13053.0;25.0;13042.0;0.0
1;42500;ASH_COATED_OSMIUM;9999.0;4.0;9995.0;15.0;9994.0;11.0;10010.0;11.0;;;;;10004.5;0.0
1;42500;INTARIAN_PEPPER_ROOT;13035.0;8.0;13033.0;11.0;13032.0;25.0;13050.0;8.0;13051.0;10.0;13053.0;25.0;13042.5;0.0
1;42600;ASH_COATED_OSMIUM;9994.0;15.0;9993.0;26.0;9992.0;27.0;10010.0;15.0;10013.0;27.0;;;10002.0;0.0
1;42600;INTARIAN_PEPPER_ROOT;13036.0;9.0;13035.0;11.0;13032.0;24.0;13050.0;9.0;13051.0;10.0;13053.0;24.0;13043.0;0.0
1;42700;ASH_COATED_OSMIUM;9994.0;12.0;;;;;10010.0;12.0;10012.0;25.0;;;10002.0;0.0
1;42700;INTARIAN_PEPPER_ROOT;13036.0;9.0;13034.0;8.0;13032.0;22.0;13053.0;22.0;;;;;13044.5;0.0
1;42800;ASH_COATED_OSMIUM;9994.0;15.0;9993.0;23.0;9991.0;24.0;10010.0;15.0;10012.0;24.0;;;10002.0;0.0
1;42800;INTARIAN_PEPPER_ROOT;13033.0;21.0;;;;;13050.0;9.0;13052.0;9.0;13053.0;21.0;13041.5;0.0
1;42900;ASH_COATED_OSMIUM;9993.0;11.0;9992.0;30.0;9991.0;23.0;10012.0;23.0;;;;;10002.5;0.0
1;42900;INTARIAN_PEPPER_ROOT;13036.0;10.0;13033.0;23.0;;;13050.0;10.0;;;;;13043.0;0.0
1;43000;ASH_COATED_OSMIUM;9993.0;12.0;9992.0;15.0;9991.0;29.0;10003.0;3.0;10009.0;12.0;;;9998.0;0.0
1;43000;INTARIAN_PEPPER_ROOT;13036.0;10.0;13034.0;16.0;13033.0;15.0;13039.0;8.0;13050.0;10.0;13053.0;15.0;13037.5;0.0
1;43100;ASH_COATED_OSMIUM;9993.0;14.0;9992.0;12.0;9991.0;22.0;10009.0;14.0;10010.0;12.0;10012.0;22.0;10001.0;0.0
1;43100;INTARIAN_PEPPER_ROOT;13036.0;10.0;13034.0;9.0;13033.0;22.0;13050.0;10.0;13052.0;15.0;13053.0;22.0;13043.0;0.0
1;43200;ASH_COATED_OSMIUM;9993.0;10.0;;;;;;;;;;;9993.0;0.0
1;43200;INTARIAN_PEPPER_ROOT;13036.0;11.0;13034.0;15.0;13033.0;25.0;13050.0;11.0;13051.0;9.0;13053.0;25.0;13043.0;0.0
1;43300;ASH_COATED_OSMIUM;9993.0;12.0;9992.0;30.0;9990.0;27.0;10009.0;12.0;10011.0;27.0;;;10001.0;0.0
1;43300;INTARIAN_PEPPER_ROOT;13036.0;10.0;13035.0;23.0;13033.0;16.0;;;;;;;13036.0;0.0
1;43400;ASH_COATED_OSMIUM;9993.0;13.0;9991.0;21.0;9990.0;27.0;10009.0;13.0;10011.0;27.0;;;10001.0;0.0
1;43400;INTARIAN_PEPPER_ROOT;13036.0;9.0;13035.0;25.0;13033.0;21.0;13054.0;21.0;;;;;13045.0;0.0
1;43500;ASH_COATED_OSMIUM;9992.0;12.0;;;;;10008.0;12.0;10009.0;28.0;10011.0;23.0;10000.0;0.0
1;43500;INTARIAN_PEPPER_ROOT;13036.0;11.0;13034.0;19.0;13033.0;17.0;13051.0;11.0;13054.0;17.0;;;13043.5;0.0
1;43600;ASH_COATED_OSMIUM;9992.0;14.0;9991.0;21.0;9989.0;27.0;10010.0;27.0;;;;;10001.0;0.0
1;43600;INTARIAN_PEPPER_ROOT;13037.0;11.0;13034.0;11.0;13033.0;17.0;13051.0;11.0;13053.0;24.0;13054.0;17.0;13044.0;0.0
1;43700;ASH_COATED_OSMIUM;9992.0;10.0;9991.0;24.0;9990.0;26.0;10011.0;26.0;;;;;10001.5;0.0
1;43700;INTARIAN_PEPPER_ROOT;13033.0;22.0;;;;;13051.0;9.0;13053.0;18.0;13054.0;22.0;13042.0;0.0
1;43800;ASH_COATED_OSMIUM;9992.0;11.0;9991.0;21.0;9990.0;30.0;;;;;;;9992.0;0.0
1;43800;INTARIAN_PEPPER_ROOT;13037.0;12.0;13035.0;16.0;13034.0;19.0;13051.0;12.0;13054.0;19.0;;;13044.0;0.0
1;43900;ASH_COATED_OSMIUM;;;;;;;10009.0;13.0;;;;;10009.0;0.0
1;43900;INTARIAN_PEPPER_ROOT;13037.0;9.0;13036.0;22.0;13034.0;19.0;13051.0;9.0;13054.0;19.0;;;13044.0;0.0
1;44000;ASH_COATED_OSMIUM;9993.0;12.0;9991.0;10.0;9990.0;22.0;10009.0;12.0;10010.0;26.0;10011.0;22.0;10001.0;0.0
1;44000;INTARIAN_PEPPER_ROOT;13037.0;9.0;;;;;13051.0;9.0;13053.0;6.0;13053.0;12.0;13044.0;0.0
1;44100;ASH_COATED_OSMIUM;9993.0;11.0;9992.0;11.0;9991.0;28.0;10009.0;11.0;;;;;10001.0;0.0
1;44100;INTARIAN_PEPPER_ROOT;13037.0;10.0;13035.0;10.0;13034.0;18.0;13054.0;18.0;;;;;13045.5;0.0
1;44200;ASH_COATED_OSMIUM;9994.0;12.0;9993.0;12.0;9992.0;22.0;10010.0;12.0;10012.0;10.0;10013.0;22.0;10002.0;0.0
1;44200;INTARIAN_PEPPER_ROOT;13034.0;18.0;;;;;13051.0;9.0;;;;;13042.5;0.0
1;44300;ASH_COATED_OSMIUM;9994.0;10.0;;;;;10010.0;10.0;10011.0;24.0;10013.0;25.0;10002.0;0.0
1;44300;INTARIAN_PEPPER_ROOT;13034.0;24.0;;;;;13051.0;11.0;13054.0;16.0;13055.0;24.0;13042.5;0.0
1;44400;ASH_COATED_OSMIUM;9994.0;11.0;9993.0;10.0;9991.0;27.0;;;;;;;9994.0;0.0
1;44400;INTARIAN_PEPPER_ROOT;13037.0;11.0;13035.0;17.0;13034.0;21.0;13047.0;11.0;13051.0;11.0;;;13042.0;0.0
1;44500;ASH_COATED_OSMIUM;9994.0;10.0;9993.0;15.0;9991.0;30.0;10010.0;10.0;10011.0;11.0;10012.0;30.0;10002.0;0.0
1;44500;INTARIAN_PEPPER_ROOT;13037.0;8.0;13035.0;9.0;13034.0;24.0;13055.0;24.0;;;;;13046.0;0.0
1;44600;ASH_COATED_OSMIUM;9991.0;26.0;;;;;10009.0;12.0;;;;;10000.0;0.0
1;44600;INTARIAN_PEPPER_ROOT;13038.0;8.0;;;;;13052.0;8.0;13053.0;25.0;13055.0;23.0;13045.0;0.0
1;44700;ASH_COATED_OSMIUM;9994.0;12.0;9992.0;15.0;9991.0;28.0;10010.0;12.0;10011.0;12.0;10012.0;28.0;10002.0;0.0
1;44700;INTARIAN_PEPPER_ROOT;13038.0;11.0;;;;;13040.0;8.0;13043.0;9.0;13052.0;11.0;13039.0;0.0
1;44800;ASH_COATED_OSMIUM;9994.0;14.0;9992.0;15.0;9991.0;21.0;9999.0;8.0;10001.0;25.0;10010.0;14.0;9996.5;0.0
1;44800;INTARIAN_PEPPER_ROOT;13038.0;8.0;13036.0;11.0;13035.0;25.0;13052.0;8.0;;;;;13045.0;0.0
1;44900;ASH_COATED_OSMIUM;9994.0;14.0;9992.0;15.0;9991.0;24.0;10010.0;14.0;10011.0;24.0;10012.0;24.0;10002.0;0.0
1;44900;INTARIAN_PEPPER_ROOT;13038.0;12.0;13036.0;23.0;13035.0;23.0;13052.0;12.0;13055.0;23.0;;;13045.0;0.0
1;45000;ASH_COATED_OSMIUM;9994.0;15.0;9992.0;14.0;9991.0;21.0;10010.0;15.0;10011.0;30.0;10012.0;21.0;10002.0;0.0
1;45000;INTARIAN_PEPPER_ROOT;13035.0;22.0;;;;;13052.0;12.0;13053.0;17.0;13054.0;11.0;13043.5;0.0
1;45100;ASH_COATED_OSMIUM;9994.0;13.0;9993.0;13.0;9992.0;22.0;;;;;;;9994.0;0.0
1;45100;INTARIAN_PEPPER_ROOT;13038.0;11.0;13037.0;24.0;13035.0;24.0;13052.0;11.0;;;;;13045.0;0.0
1;45200;ASH_COATED_OSMIUM;9993.0;29.0;;;;;10001.0;6.0;10010.0;22.0;10011.0;10.0;9997.0;0.0
1;45200;INTARIAN_PEPPER_ROOT;13035.0;18.0;;;;;13052.0;10.0;13054.0;12.0;13055.0;18.0;13043.5;0.0
1;45300;ASH_COATED_OSMIUM;9995.0;11.0;9994.0;24.0;9992.0;28.0;10013.0;28.0;;;;;10004.0;0.0
1;45300;INTARIAN_PEPPER_ROOT;13035.0;20.0;;;;;13052.0;10.0;13056.0;20.0;;;13043.5;0.0
1;45400;ASH_COATED_OSMIUM;9995.0;12.0;;;;;10011.0;12.0;;;;;10003.0;0.0
1;45400;INTARIAN_PEPPER_ROOT;13038.0;12.0;13037.0;18.0;13035.0;24.0;13052.0;12.0;;;;;13045.0;0.0
1;45500;ASH_COATED_OSMIUM;9995.0;11.0;9993.0;10.0;9992.0;28.0;10011.0;11.0;;;;;10003.0;0.0
1;45500;INTARIAN_PEPPER_ROOT;13038.0;11.0;;;;;13053.0;11.0;13056.0;22.0;;;13045.5;0.0
1;45600;ASH_COATED_OSMIUM;9992.0;25.0;;;;;10013.0;25.0;;;;;10002.5;0.0
1;45600;INTARIAN_PEPPER_ROOT;13039.0;9.0;13038.0;17.0;13035.0;22.0;13056.0;22.0;;;;;13047.5;0.0
1;45700;ASH_COATED_OSMIUM;9994.0;12.0;;;;;10010.0;12.0;10012.0;24.0;10013.0;28.0;10002.0;0.0
1;45700;INTARIAN_PEPPER_ROOT;13039.0;8.0;13038.0;24.0;13035.0;25.0;13053.0;8.0;13056.0;25.0;;;13046.0;0.0
1;45800;ASH_COATED_OSMIUM;9994.0;14.0;9993.0;12.0;9992.0;23.0;10010.0;14.0;10012.0;28.0;10013.0;23.0;10002.0;0.0
1;45800;INTARIAN_PEPPER_ROOT;13039.0;8.0;13038.0;21.0;13036.0;17.0;13053.0;8.0;13056.0;17.0;;;13046.0;0.0
1;45900;ASH_COATED_OSMIUM;9994.0;14.0;9993.0;11.0;9992.0;26.0;10010.0;14.0;10012.0;27.0;10013.0;26.0;10002.0;0.0
1;45900;INTARIAN_PEPPER_ROOT;13039.0;8.0;13037.0;17.0;13036.0;16.0;13053.0;8.0;;;;;13046.0;0.0
1;46000;ASH_COATED_OSMIUM;9995.0;11.0;9993.0;12.0;9992.0;29.0;10013.0;29.0;;;;;10004.0;0.0
1;46000;INTARIAN_PEPPER_ROOT;13039.0;11.0;13038.0;8.0;13036.0;20.0;13053.0;11.0;13054.0;16.0;13056.0;20.0;13046.0;0.0
1;46100;ASH_COATED_OSMIUM;9995.0;10.0;9993.0;24.0;9992.0;25.0;10011.0;10.0;10013.0;25.0;;;10003.0;0.0
1;46100;INTARIAN_PEPPER_ROOT;13039.0;9.0;13037.0;8.0;13036.0;23.0;13056.0;23.0;;;;;13047.5;0.0
1;46200;ASH_COATED_OSMIUM;9995.0;10.0;9994.0;11.0;9992.0;20.0;10011.0;10.0;10012.0;23.0;10013.0;20.0;10003.0;0.0
1;46200;INTARIAN_PEPPER_ROOT;13039.0;8.0;13038.0;22.0;13036.0;23.0;13053.0;8.0;13056.0;23.0;;;13046.0;0.0
1;46300;ASH_COATED_OSMIUM;9992.0;27.0;;;;;10004.0;2.0;10008.0;15.0;10013.0;27.0;9998.0;0.0
1;46300;INTARIAN_PEPPER_ROOT;13039.0;12.0;13037.0;10.0;13036.0;23.0;13053.0;12.0;13056.0;18.0;13057.0;23.0;13046.0;0.0
1;46400;ASH_COATED_OSMIUM;9994.0;15.0;9993.0;10.0;9992.0;23.0;10010.0;15.0;10012.0;14.0;10013.0;23.0;10002.0;0.0
1;46400;INTARIAN_PEPPER_ROOT;13039.0;12.0;13038.0;24.0;13036.0;16.0;13053.0;12.0;13057.0;16.0;;;13046.0;0.0
1;46500;ASH_COATED_OSMIUM;10004.0;9.0;9994.0;13.0;9993.0;21.0;10010.0;13.0;10013.0;20.0;;;10007.0;0.0
1;46500;INTARIAN_PEPPER_ROOT;13039.0;9.0;13038.0;10.0;13036.0;17.0;13057.0;17.0;;;;;13048.0;0.0
1;46600;ASH_COATED_OSMIUM;9995.0;11.0;9994.0;23.0;9992.0;21.0;10011.0;11.0;10013.0;21.0;;;10003.0;0.0
1;46600;INTARIAN_PEPPER_ROOT;13040.0;8.0;13039.0;12.0;13036.0;22.0;13054.0;8.0;13056.0;9.0;13057.0;22.0;13047.0;0.0
1;46700;ASH_COATED_OSMIUM;9994.0;14.0;9993.0;10.0;9993.0;13.0;10010.0;14.0;10013.0;27.0;;;10002.0;0.0
1;46700;INTARIAN_PEPPER_ROOT;13040.0;9.0;;;;;13054.0;9.0;13055.0;24.0;13057.0;19.0;13047.0;0.0
1;46800;ASH_COATED_OSMIUM;9994.0;13.0;9993.0;7.0;9993.0;15.0;10010.0;13.0;10013.0;28.0;;;10002.0;0.0
1;46800;INTARIAN_PEPPER_ROOT;13037.0;24.0;;;;;13042.0;8.0;;;;;13039.5;0.0
1;46900;ASH_COATED_OSMIUM;9994.0;14.0;9993.0;15.0;9991.0;24.0;10010.0;14.0;;;;;10002.0;0.0
1;46900;INTARIAN_PEPPER_ROOT;13040.0;9.0;13038.0;10.0;13037.0;20.0;13054.0;9.0;13056.0;20.0;13057.0;20.0;13047.0;0.0
1;47000;ASH_COATED_OSMIUM;9993.0;15.0;9992.0;20.0;9991.0;26.0;10003.0;2.0;10009.0;15.0;10011.0;25.0;9998.0;0.0
1;47000;INTARIAN_PEPPER_ROOT;13040.0;8.0;;;;;13054.0;8.0;13056.0;10.0;13057.0;19.0;13047.0;0.0
1;47100;ASH_COATED_OSMIUM;9999.0;3.0;;;;;10010.0;15.0;10011.0;26.0;10012.0;28.0;10004.5;0.0
1;47100;INTARIAN_PEPPER_ROOT;13040.0;10.0;;;;;13057.0;22.0;;;;;13048.5;0.0
1;47200;ASH_COATED_OSMIUM;9991.0;23.0;;;;;10010.0;10.0;10012.0;23.0;;;10000.5;0.0
1;47200;INTARIAN_PEPPER_ROOT;13037.0;18.0;;;;;13057.0;18.0;;;;;13047.0;0.0
1;47300;ASH_COATED_OSMIUM;9999.0;3.0;9995.0;23.0;9991.0;29.0;10010.0;15.0;10012.0;29.0;;;10004.5;0.0
1;47300;INTARIAN_PEPPER_ROOT;13037.0;16.0;;;;;13058.0;16.0;;;;;13047.5;0.0
1;47400;ASH_COATED_OSMIUM;9994.0;11.0;;;;;10010.0;11.0;10013.0;28.0;;;10002.0;0.0
1;47400;INTARIAN_PEPPER_ROOT;13040.0;9.0;13038.0;18.0;13037.0;24.0;13054.0;9.0;13058.0;24.0;;;13047.0;0.0
1;47500;ASH_COATED_OSMIUM;9994.0;11.0;9993.0;10.0;9991.0;21.0;10010.0;11.0;10011.0;26.0;10012.0;21.0;10002.0;0.0
1;47500;INTARIAN_PEPPER_ROOT;13040.0;10.0;13039.0;8.0;13037.0;17.0;13055.0;10.0;;;;;13047.5;0.0
1;47600;ASH_COATED_OSMIUM;9993.0;13.0;9992.0;10.0;9992.0;10.0;10009.0;13.0;10010.0;13.0;10012.0;29.0;10001.0;0.0
1;47600;INTARIAN_PEPPER_ROOT;13041.0;11.0;13040.0;15.0;13037.0;17.0;13055.0;11.0;13058.0;17.0;;;13048.0;0.0
1;47700;ASH_COATED_OSMIUM;9993.0;10.0;9992.0;26.0;9991.0;23.0;10009.0;10.0;10012.0;23.0;;;10001.0;0.0
1;47700;INTARIAN_PEPPER_ROOT;13041.0;8.0;;;;;13055.0;8.0;13056.0;22.0;13058.0;24.0;13048.0;0.0
1;47800;ASH_COATED_OSMIUM;9991.0;27.0;;;;;10009.0;15.0;10010.0;10.0;10011.0;14.0;10000.0;0.0
1;47800;INTARIAN_PEPPER_ROOT;13041.0;8.0;13039.0;23.0;13038.0;18.0;13055.0;8.0;13058.0;18.0;;;13048.0;0.0
1;47900;ASH_COATED_OSMIUM;9994.0;13.0;9992.0;30.0;9991.0;24.0;10010.0;13.0;10012.0;24.0;;;10002.0;0.0
1;47900;INTARIAN_PEPPER_ROOT;13041.0;8.0;13040.0;8.0;13038.0;21.0;13055.0;8.0;13057.0;24.0;13058.0;21.0;13048.0;0.0
1;48000;ASH_COATED_OSMIUM;9995.0;13.0;;;;;10011.0;13.0;10012.0;22.0;10013.0;28.0;10003.0;0.0
1;48000;INTARIAN_PEPPER_ROOT;13041.0;8.0;13039.0;10.0;13038.0;18.0;13055.0;8.0;13056.0;12.0;13058.0;18.0;13048.0;0.0
1;48100;ASH_COATED_OSMIUM;9995.0;10.0;9994.0;10.0;9992.0;21.0;;;;;;;9995.0;0.0
1;48100;INTARIAN_PEPPER_ROOT;13052.0;7.0;13041.0;9.0;13039.0;10.0;13055.0;9.0;13056.0;21.0;13058.0;23.0;13053.5;0.0
1;48200;ASH_COATED_OSMIUM;9995.0;12.0;9993.0;29.0;9992.0;25.0;10011.0;12.0;10013.0;25.0;;;10003.0;0.0
1;48200;INTARIAN_PEPPER_ROOT;13041.0;10.0;13039.0;9.0;13038.0;19.0;13055.0;10.0;;;;;13048.0;0.0
1;48300;ASH_COATED_OSMIUM;9995.0;11.0;9994.0;25.0;9993.0;24.0;10011.0;11.0;10014.0;24.0;;;10003.0;0.0
1;48300;INTARIAN_PEPPER_ROOT;13041.0;8.0;13040.0;21.0;13038.0;16.0;13055.0;8.0;13059.0;16.0;;;13048.0;0.0
1;48400;ASH_COATED_OSMIUM;9992.0;23.0;;;;;10011.0;13.0;;;;;10001.5;0.0
1;48400;INTARIAN_PEPPER_ROOT;13041.0;11.0;13039.0;11.0;13038.0;20.0;13055.0;11.0;;;;;13048.0;0.0
1;48500;ASH_COATED_OSMIUM;9991.0;29.0;;;;;10010.0;15.0;10011.0;27.0;10012.0;29.0;10000.5;0.0
1;48500;INTARIAN_PEPPER_ROOT;13041.0;8.0;13039.0;24.0;13038.0;16.0;13056.0;8.0;;;;;13048.5;0.0
1;48600;ASH_COATED_OSMIUM;9992.0;22.0;;;;;10010.0;10.0;10012.0;26.0;10013.0;22.0;10001.0;0.0
1;48600;INTARIAN_PEPPER_ROOT;13042.0;10.0;;;;;13056.0;10.0;13057.0;8.0;13059.0;25.0;13049.0;0.0
1;48700;ASH_COATED_OSMIUM;9994.0;11.0;9993.0;15.0;9992.0;27.0;10010.0;11.0;10012.0;5.0;10013.0;27.0;10002.0;0.0
1;48700;INTARIAN_PEPPER_ROOT;13042.0;12.0;;;;;13059.0;17.0;;;;;13050.5;0.0
1;48800;ASH_COATED_OSMIUM;9994.0;14.0;;;;;10010.0;14.0;10011.0;8.0;10011.0;10.0;10002.0;0.0
1;48800;INTARIAN_PEPPER_ROOT;13039.0;16.0;;;;;13056.0;11.0;13058.0;8.0;13058.0;19.0;13047.5;0.0
1;48900;ASH_COATED_OSMIUM;9993.0;11.0;9992.0;22.0;9991.0;24.0;10009.0;11.0;10012.0;24.0;;;10001.0;0.0
1;48900;INTARIAN_PEPPER_ROOT;;;;;;;13056.0;8.0;13059.0;23.0;;;13056.0;0.0
1;49000;ASH_COATED_OSMIUM;9993.0;13.0;9992.0;13.0;9990.0;22.0;10009.0;13.0;;;;;10001.0;0.0
1;49000;INTARIAN_PEPPER_ROOT;13042.0;9.0;13040.0;15.0;13039.0;17.0;13056.0;9.0;13059.0;17.0;;;13049.0;0.0
1;49100;ASH_COATED_OSMIUM;9993.0;13.0;9992.0;15.0;9990.0;30.0;10009.0;13.0;;;;;10001.0;0.0
1;49100;INTARIAN_PEPPER_ROOT;13042.0;10.0;13041.0;10.0;13039.0;21.0;13056.0;10.0;13058.0;10.0;13059.0;21.0;13049.0;0.0
1;49200;ASH_COATED_OSMIUM;9991.0;29.0;;;;;10010.0;15.0;10011.0;10.0;10011.0;15.0;10000.5;0.0
1;49200;INTARIAN_PEPPER_ROOT;13042.0;8.0;13041.0;19.0;13039.0;18.0;13059.0;18.0;;;;;13050.5;0.0
1;49300;ASH_COATED_OSMIUM;9991.0;30.0;;;;;10012.0;30.0;;;;;10001.5;0.0
1;49300;INTARIAN_PEPPER_ROOT;13039.0;18.0;;;;;13056.0;12.0;13057.0;10.0;13057.0;15.0;13047.5;0.0
1;49400;ASH_COATED_OSMIUM;10004.0;9.0;10000.0;10.0;9992.0;21.0;;;;;;;10004.0;0.0
1;49400;INTARIAN_PEPPER_ROOT;13042.0;8.0;13040.0;16.0;13039.0;23.0;13056.0;8.0;;;;;13049.0;0.0
1;49500;ASH_COATED_OSMIUM;9995.0;10.0;9993.0;30.0;9992.0;21.0;10013.0;21.0;;;;;10004.0;0.0
1;49500;INTARIAN_PEPPER_ROOT;13039.0;18.0;;;;;13057.0;12.0;13059.0;19.0;13060.0;18.0;13048.0;0.0
1;49600;ASH_COATED_OSMIUM;9994.0;10.0;9993.0;30.0;9992.0;21.0;;;;;;;9994.0;0.0
1;49600;INTARIAN_PEPPER_ROOT;13039.0;17.0;;;;;13057.0;9.0;13059.0;12.0;13060.0;17.0;13048.0;0.0
1;49700;ASH_COATED_OSMIUM;9994.0;14.0;9993.0;28.0;9992.0;29.0;10010.0;14.0;10013.0;29.0;;;10002.0;0.0
1;49700;INTARIAN_PEPPER_ROOT;13039.0;19.0;;;;;13057.0;8.0;13059.0;12.0;13060.0;19.0;13048.0;0.0
1;49800;ASH_COATED_OSMIUM;9994.0;12.0;;;;;10013.0;21.0;;;;;10003.5;0.0
1;49800;INTARIAN_PEPPER_ROOT;13043.0;9.0;13041.0;18.0;13040.0;22.0;13057.0;9.0;13060.0;22.0;;;13050.0;0.0
1;49900;ASH_COATED_OSMIUM;9994.0;10.0;9991.0;27.0;;;;;;;;;9994.0;0.0
1;49900;INTARIAN_PEPPER_ROOT;13043.0;8.0;13041.0;17.0;13040.0;25.0;13057.0;8.0;13060.0;25.0;;;13050.0;0.0
1;50000;ASH_COATED_OSMIUM;9994.0;15.0;9993.0;30.0;9992.0;21.0;10010.0;15.0;;;;;10002.0;0.0
1;50000;INTARIAN_PEPPER_ROOT;13043.0;10.0;13041.0;19.0;13040.0;22.0;13057.0;10.0;13060.0;22.0;;;13050.0;0.0
1;50100;ASH_COATED_OSMIUM;9994.0;10.0;9993.0;21.0;9992.0;24.0;10010.0;10.0;10013.0;24.0;;;10002.0;0.0
1;50100;INTARIAN_PEPPER_ROOT;13040.0;15.0;;;;;13057.0;9.0;13059.0;25.0;13060.0;15.0;13048.5;0.0
1;50200;ASH_COATED_OSMIUM;9994.0;10.0;9993.0;24.0;9992.0;25.0;10010.0;10.0;10013.0;25.0;;;10002.0;0.0
1;50200;INTARIAN_PEPPER_ROOT;13043.0;8.0;13041.0;18.0;13040.0;22.0;;;;;;;13043.0;0.0
1;50300;ASH_COATED_OSMIUM;9992.0;25.0;;;;;10011.0;15.0;10012.0;15.0;10012.0;26.0;10001.5;0.0
1;50300;INTARIAN_PEPPER_ROOT;13043.0;8.0;;;;;13057.0;8.0;13060.0;21.0;13061.0;19.0;13050.0;0.0
1;50400;ASH_COATED_OSMIUM;9994.0;13.0;9993.0;27.0;9992.0;22.0;10011.0;13.0;10013.0;22.0;;;10002.5;0.0
1;50400;INTARIAN_PEPPER_ROOT;13043.0;9.0;13041.0;11.0;13040.0;20.0;13057.0;9.0;13058.0;24.0;13061.0;20.0;13050.0;0.0
1;50500;ASH_COATED_OSMIUM;9995.0;10.0;9994.0;12.0;9992.0;20.0;10011.0;10.0;10012.0;11.0;10013.0;20.0;10003.0;0.0
1;50500;INTARIAN_PEPPER_ROOT;13043.0;9.0;13042.0;23.0;13040.0;24.0;13058.0;9.0;13061.0;24.0;;;13050.5;0.0
1;50600;ASH_COATED_OSMIUM;9995.0;14.0;9993.0;24.0;9992.0;23.0;10011.0;14.0;10013.0;23.0;;;10003.0;0.0
1;50600;INTARIAN_PEPPER_ROOT;13040.0;15.0;;;;;13058.0;8.0;;;;;13049.0;0.0
1;50700;ASH_COATED_OSMIUM;9995.0;11.0;;;;;10011.0;11.0;10012.0;13.0;10014.0;21.0;10003.0;0.0
1;50700;INTARIAN_PEPPER_ROOT;13044.0;9.0;13042.0;9.0;13040.0;15.0;13058.0;9.0;13059.0;8.0;13061.0;15.0;13051.0;0.0
1;50800;ASH_COATED_OSMIUM;9995.0;15.0;9994.0;30.0;9992.0;29.0;10011.0;15.0;10014.0;29.0;;;10003.0;0.0
1;50800;INTARIAN_PEPPER_ROOT;13044.0;11.0;13042.0;12.0;13041.0;15.0;13058.0;11.0;13059.0;10.0;13061.0;15.0;13051.0;0.0
1;50900;ASH_COATED_OSMIUM;9995.0;14.0;9994.0;22.0;9993.0;22.0;10011.0;14.0;10014.0;22.0;;;10003.0;0.0
1;50900;INTARIAN_PEPPER_ROOT;13044.0;9.0;13042.0;15.0;13041.0;19.0;13058.0;9.0;13061.0;19.0;;;13051.0;0.0
1;51000;ASH_COATED_OSMIUM;10001.0;3.0;;;;;10012.0;11.0;10014.0;30.0;;;10006.5;0.0
1;51000;INTARIAN_PEPPER_ROOT;13044.0;11.0;13042.0;19.0;13041.0;21.0;13058.0;11.0;13061.0;21.0;;;13051.0;0.0
1;51100;ASH_COATED_OSMIUM;9996.0;11.0;9995.0;14.0;9993.0;26.0;10012.0;11.0;10013.0;10.0;10014.0;26.0;10004.0;0.0
