day;timestamp;product;bid_price_1;bid_volume_1;bid_price_2;bid_volume_2;bid_price_3;bid_volume_3;ask_price_1;ask_volume_1;ask_price_2;ask_volume_2;ask_price_3;ask_volume_3;mid_price;profit_and_loss
0;0;ASH_COATED_OSMIUM;9992.0;23.0;;;;;10011.0;13.0;;;;;10001.5;0.0
0;0;INTARIAN_PEPPER_ROOT;11991.0;20.0;;;;;12006.0;11.0;12009.0;20.0;;;11998.5;0.0
0;100;INTARIAN_PEPPER_ROOT;11994.0;12.0;11991.0;20.0;;;12010.0;20.0;;;;;12002.0;0.0
0;100;ASH_COATED_OSMIUM;9995.0;15.0;9992.0;21.0;;;10013.0;21.0;;;;;10004.0;0.0
0;200;INTARIAN_PEPPER_ROOT;11991.0;21.0;;;;;12007.0;10.0;12010.0;21.0;;;11999.0;0.0
0;200;ASH_COATED_OSMIUM;9994.0;14.0;9992.0;21.0;;;10013.0;21.0;;;;;10003.5;0.0
0;300;ASH_COATED_OSMIUM;10000.0;4.0;9994.0;15.0;9992.0;26.0;10010.0;15.0;10013.0;26.0;;;10005.0;0.0
0;300;INTARIAN_PEPPER_ROOT;11994.0;11.0;11991.0;18.0;;;12007.0;11.0;;;;;12000.5;0.0
0;400;ASH_COATED_OSMIUM;9994.0;10.0;9991.0;26.0;;;10010.0;10.0;10012.0;26.0;;;10002.0;0.0
0;400;INTARIAN_PEPPER_ROOT;;;;;;;12007.0;9.0;12010.0;23.0;;;12007.0;0.0
0;500;INTARIAN_PEPPER_ROOT;11994.0;10.0;11991.0;17.0;;;12007.0;10.0;12010.0;17.0;;;12000.5;0.0
0;500;ASH_COATED_OSMIUM;9994.0;13.0;9991.0;23.0;;;10010.0;13.0;10012.0;23.0;;;10002.0;0.0
0;600;INTARIAN_PEPPER_ROOT;11994.0;12.0;11991.0;17.0;;;12007.0;12.0;;;;;12000.5;0.0
0;600;ASH_COATED_OSMIUM;9994.0;15.0;;;;;10010.0;15.0;;;;;10002.0;0.0
0;700;ASH_COATED_OSMIUM;9994.0;11.0;;;;;;;;;;;9994.0;0.0
0;700;INTARIAN_PEPPER_ROOT;11994.0;12.0;11991.0;15.0;;;12007.0;12.0;12010.0;15.0;;;12000.5;0.0
0;800;ASH_COATED_OSMIUM;9991.0;24.0;;;;;10009.0;13.0;10012.0;24.0;;;10000.0;0.0
0;800;INTARIAN_PEPPER_ROOT;;;;;;;12010.0;20.0;;;;;12010.0;0.0
0;900;INTARIAN_PEPPER_ROOT;11994.0;11.0;11991.0;22.0;;;12007.0;11.0;12010.0;22.0;;;12000.5;0.0
0;900;ASH_COATED_OSMIUM;9992.0;12.0;9990.0;20.0;;;10008.0;12.0;10011.0;20.0;;;10000.0;0.0
0;1000;INTARIAN_PEPPER_ROOT;11994.0;12.0;11991.0;15.0;;;12007.0;12.0;12010.0;15.0;;;12000.5;0.0
0;1000;ASH_COATED_OSMIUM;9993.0;14.0;9990.0;30.0;;;10011.0;30.0;;;;;10002.0;0.0
0;1100;ASH_COATED_OSMIUM;;;;;;;10009.0;15.0;10011.0;21.0;;;10009.0;20.044921875
0;1100;INTARIAN_PEPPER_ROOT;11995.0;8.0;11992.0;25.0;;;;;;;;;11995.0;0.0
0;1200;ASH_COATED_OSMIUM;;;;;;;10009.0;10.0;10012.0;22.0;;;10009.0;21.029296875
0;1200;INTARIAN_PEPPER_ROOT;11995.0;9.0;11992.0;15.0;;;12011.0;15.0;;;;;12003.0;0.0
0;1300;INTARIAN_PEPPER_ROOT;11995.0;11.0;;;;;12008.0;11.0;12011.0;20.0;;;12001.5;0.0
0;1300;ASH_COATED_OSMIUM;9993.0;11.0;9991.0;25.0;;;10009.0;11.0;10012.0;25.0;;;10001.0;21.11328125
0;1400;INTARIAN_PEPPER_ROOT;11995.0;10.0;11992.0;17.0;;;12008.0;10.0;;;;;12001.5;0.0
0;1400;ASH_COATED_OSMIUM;9993.0;13.0;9990.0;23.0;;;10009.0;13.0;10011.0;23.0;;;10001.0;20.51953125
0;1500;ASH_COATED_OSMIUM;9992.0;10.0;9990.0;20.0;;;10008.0;10.0;10011.0;20.0;;;10000.0;19.44140625
0;1500;INTARIAN_PEPPER_ROOT;11995.0;9.0;11992.0;25.0;;;12011.0;25.0;;;;;12003.0;0.0
0;1600;ASH_COATED_OSMIUM;9992.0;11.0;;;;;10011.0;28.0;;;;;10001.5;18.017578125
0;1600;INTARIAN_PEPPER_ROOT;11995.0;8.0;11992.0;18.0;;;12011.0;18.0;;;;;12003.0;0.0
0;1700;INTARIAN_PEPPER_ROOT;11995.0;8.0;11992.0;24.0;;;;;;;;;11995.0;0.0
0;1700;ASH_COATED_OSMIUM;9992.0;12.0;9990.0;28.0;;;10008.0;12.0;10011.0;28.0;;;10000.0;18.40625
0;1800;INTARIAN_PEPPER_ROOT;11995.0;10.0;11992.0;18.0;;;12008.0;10.0;12011.0;18.0;;;12001.5;0.0
0;1800;ASH_COATED_OSMIUM;9992.0;13.0;9989.0;23.0;;;10008.0;13.0;10010.0;23.0;;;10000.0;17.94140625
0;1900;ASH_COATED_OSMIUM;9990.0;30.0;;;;;10008.0;14.0;10011.0;30.0;;;9999.0;19.40234375
0;1900;INTARIAN_PEPPER_ROOT;11995.0;8.0;11992.0;24.0;;;12008.0;8.0;12011.0;24.0;;;12001.5;0.0
0;2000;ASH_COATED_OSMIUM;9993.0;15.0;9991.0;21.0;;;10009.0;15.0;;;;;10001.0;21.486328125
0;2000;INTARIAN_PEPPER_ROOT;11995.0;8.0;11992.0;16.0;;;12009.0;8.0;12012.0;16.0;;;12002.0;0.0
0;2100;INTARIAN_PEPPER_ROOT;11996.0;9.0;11993.0;21.0;;;;;;;;;11996.0;0.0
0;2100;ASH_COATED_OSMIUM;9991.0;26.0;;;;;10009.0;13.0;10012.0;26.0;;;10000.0;21.52734375
0;2200;INTARIAN_PEPPER_ROOT;11996.0;8.0;;;;;12009.0;8.0;12012.0;22.0;;;12002.5;0.0
0;2200;ASH_COATED_OSMIUM;9993.0;11.0;9991.0;20.0;;;;;;;;;9993.0;21.310546875
0;2300;INTARIAN_PEPPER_ROOT;11996.0;10.0;11993.0;24.0;;;12009.0;10.0;12012.0;24.0;;;12002.5;0.0
0;2300;ASH_COATED_OSMIUM;9993.0;11.0;;;;;10009.0;11.0;;;;;10001.0;21.4453125
0;2400;INTARIAN_PEPPER_ROOT;11996.0;9.0;11993.0;23.0;;;12009.0;9.0;12012.0;23.0;;;12002.5;0.0
0;2400;ASH_COATED_OSMIUM;9993.0;13.0;9991.0;20.0;;;10009.0;13.0;10012.0;20.0;;;10001.0;21.828125
0;2500;ASH_COATED_OSMIUM;9993.0;11.0;;;;;10009.0;11.0;10012.0;21.0;;;10001.0;22.3671875
0;2500;INTARIAN_PEPPER_ROOT;11993.0;23.0;;;;;12009.0;9.0;12012.0;23.0;;;12001.0;0.0
0;2600;ASH_COATED_OSMIUM;9991.0;29.0;;;;;10009.0;10.0;10012.0;29.0;;;10000.0;21.94921875
0;2600;INTARIAN_PEPPER_ROOT;11993.0;23.0;;;;;12009.0;9.0;;;;;12001.0;0.0
0;2700;ASH_COATED_OSMIUM;9993.0;10.0;9991.0;21.0;;;10012.0;21.0;;;;;10002.5;22.32421875
0;2700;INTARIAN_PEPPER_ROOT;11996.0;10.0;11993.0;19.0;;;12009.0;10.0;;;;;12002.5;0.0
0;2800;ASH_COATED_OSMIUM;9993.0;14.0;9991.0;27.0;;;10009.0;14.0;;;;;10001.0;22.328125
0;2800;INTARIAN_PEPPER_ROOT;11996.0;9.0;11993.0;17.0;;;12012.0;17.0;;;;;12004.0;0.0
0;2900;ASH_COATED_OSMIUM;9993.0;12.0;9991.0;20.0;;;10009.0;12.0;10012.0;20.0;;;10001.0;21.4765625
0;2900;INTARIAN_PEPPER_ROOT;11996.0;11.0;;;;;12009.0;11.0;12012.0;19.0;;;12002.5;0.0
0;3000;ASH_COATED_OSMIUM;9993.0;11.0;9991.0;29.0;;;10009.0;11.0;10012.0;29.0;;;10001.0;21.744140625
0;3000;INTARIAN_PEPPER_ROOT;11996.0;12.0;11993.0;21.0;;;12010.0;12.0;12013.0;21.0;;;12003.0;0.0
0;3100;ASH_COATED_OSMIUM;9994.0;13.0;;;;;10012.0;27.0;;;;;10003.0;22.5703125
0;3100;INTARIAN_PEPPER_ROOT;11994.0;21.0;;;;;12010.0;9.0;12013.0;21.0;;;12002.0;0.0
0;3200;INTARIAN_PEPPER_ROOT;11997.0;10.0;;;;;12010.0;10.0;12013.0;20.0;;;12003.5;0.0
0;3200;ASH_COATED_OSMIUM;9991.0;24.0;;;;;10012.0;24.0;;;;;10001.5;79.63671875
0;3300;INTARIAN_PEPPER_ROOT;11997.0;9.0;11994.0;18.0;;;12013.0;18.0;;;;;12005.0;0.0
0;3300;ASH_COATED_OSMIUM;9993.0;10.0;9991.0;24.0;;;10009.0;10.0;;;;;10001.0;79.63671875
0;3400;INTARIAN_PEPPER_ROOT;11997.0;11.0;11994.0;23.0;;;12010.0;11.0;12013.0;23.0;;;12003.5;0.0
0;3400;ASH_COATED_OSMIUM;10003.0;6.0;9993.0;12.0;9991.0;27.0;10009.0;12.0;10012.0;27.0;;;10006.0;80.408203125
0;3500;INTARIAN_PEPPER_ROOT;11997.0;11.0;;;;;12013.0;15.0;;;;;12005.0;0.0
0;3500;ASH_COATED_OSMIUM;9991.0;26.0;;;;;10009.0;15.0;10012.0;26.0;;;10000.0;89.40625
0;3600;INTARIAN_PEPPER_ROOT;11997.0;8.0;11994.0;16.0;;;12010.0;8.0;;;;;12003.5;0.0
0;3600;ASH_COATED_OSMIUM;9993.0;14.0;9991.0;27.0;;;10009.0;14.0;10012.0;27.0;;;10001.0;89.8984375
0;3700;ASH_COATED_OSMIUM;9993.0;10.0;9991.0;25.0;;;10009.0;10.0;10012.0;25.0;;;10001.0;90.09375
0;3700;INTARIAN_PEPPER_ROOT;11997.0;8.0;;;;;12013.0;18.0;;;;;12005.0;0.0
0;3800;INTARIAN_PEPPER_ROOT;11997.0;10.0;;;;;12010.0;10.0;;;;;12003.5;0.0
0;3800;ASH_COATED_OSMIUM;9991.0;24.0;;;;;10009.0;10.0;10012.0;24.0;;;10000.0;88.65625
0;3900;ASH_COATED_OSMIUM;9993.0;15.0;9991.0;24.0;;;10009.0;15.0;10012.0;24.0;;;10001.0;90.4140625
0;3900;INTARIAN_PEPPER_ROOT;11997.0;8.0;11994.0;25.0;;;12013.0;25.0;;;;;12005.0;0.0
0;4000;INTARIAN_PEPPER_ROOT;11997.0;10.0;11994.0;20.0;;;12011.0;10.0;12014.0;20.0;;;12004.0;0.0
0;4000;ASH_COATED_OSMIUM;9993.0;11.0;9991.0;30.0;;;10009.0;11.0;10012.0;30.0;;;10001.0;91.09375
0;4100;ASH_COATED_OSMIUM;9992.0;10.0;9990.0;22.0;;;;;;;;;9992.0;97.75
0;4100;INTARIAN_PEPPER_ROOT;11998.0;8.0;11995.0;15.0;;;12011.0;8.0;12014.0;15.0;;;12004.5;0.0
0;4200;INTARIAN_PEPPER_ROOT;11995.0;17.0;;;;;12011.0;9.0;;;;;12003.0;0.0
0;4200;ASH_COATED_OSMIUM;9990.0;28.0;;;;;10011.0;28.0;;;;;10000.5;97.2265625
0;4300;ASH_COATED_OSMIUM;;;;;;;10009.0;10.0;10011.0;26.0;;;10009.0;95.578125
0;4300;INTARIAN_PEPPER_ROOT;11995.0;16.0;;;;;12014.0;16.0;;;;;12004.5;0.0
0;4400;INTARIAN_PEPPER_ROOT;11998.0;9.0;11995.0;20.0;;;12014.0;20.0;;;;;12006.0;0.0
0;4400;ASH_COATED_OSMIUM;9990.0;28.0;;;;;10009.0;15.0;10011.0;28.0;;;9999.5;97.15625
0;4500;ASH_COATED_OSMIUM;9993.0;13.0;9990.0;26.0;;;10009.0;13.0;10011.0;26.0;;;10001.0;95.359375
0;4500;INTARIAN_PEPPER_ROOT;11998.0;11.0;11995.0;16.0;;;12014.0;16.0;;;;;12006.0;0.0
0;4600;INTARIAN_PEPPER_ROOT;11998.0;12.0;11995.0;20.0;;;12011.0;12.0;12014.0;20.0;;;12004.5;0.0
0;4600;ASH_COATED_OSMIUM;9993.0;15.0;9990.0;21.0;;;10009.0;15.0;10011.0;21.0;;;10001.0;95.625
0;4700;ASH_COATED_OSMIUM;9993.0;14.0;9990.0;26.0;;;10011.0;26.0;;;;;10002.0;96.8125
0;4700;INTARIAN_PEPPER_ROOT;11998.0;10.0;11995.0;15.0;;;12014.0;15.0;;;;;12006.0;0.0
0;4800;INTARIAN_PEPPER_ROOT;;;;;;;12011.0;11.0;12014.0;23.0;;;12011.0;0.0
0;4800;ASH_COATED_OSMIUM;9998.0;3.0;9993.0;14.0;9990.0;22.0;10009.0;14.0;10011.0;22.0;;;10003.5;96.6015625
0;4900;ASH_COATED_OSMIUM;9990.0;22.0;;;;;10009.0;12.0;10011.0;22.0;;;9999.5;94.375
0;4900;INTARIAN_PEPPER_ROOT;11998.0;12.0;11995.0;18.0;;;12011.0;12.0;;;;;12004.5;0.0
0;5000;INTARIAN_PEPPER_ROOT;11998.0;8.0;11995.0;17.0;;;12012.0;8.0;12015.0;17.0;;;12005.0;0.0
0;5000;ASH_COATED_OSMIUM;9992.0;11.0;;;;;10008.0;11.0;;;;;10000.0;97.9921875
0;5100;ASH_COATED_OSMIUM;9993.0;11.0;9990.0;26.0;;;9998.0;4.0;10009.0;11.0;10011.0;26.0;9995.5;95.3671875
0;5100;INTARIAN_PEPPER_ROOT;11999.0;9.0;11996.0;24.0;;;12012.0;9.0;12015.0;24.0;;;12005.5;0.0
0;5200;INTARIAN_PEPPER_ROOT;11999.0;9.0;11996.0;18.0;;;12012.0;9.0;12015.0;18.0;;;12005.5;0.0
0;5200;ASH_COATED_OSMIUM;9993.0;13.0;9990.0;23.0;;;10009.0;13.0;10011.0;23.0;;;10001.0;106.0546875
0;5300;ASH_COATED_OSMIUM;9993.0;10.0;9990.0;22.0;;;10009.0;10.0;10011.0;22.0;;;10001.0;107.0625
0;5300;INTARIAN_PEPPER_ROOT;11999.0;12.0;11996.0;25.0;;;12015.0;25.0;;;;;12007.0;0.0
0;5400;INTARIAN_PEPPER_ROOT;11999.0;10.0;11996.0;25.0;;;12015.0;25.0;;;;;12007.0;0.0
0;5400;ASH_COATED_OSMIUM;9990.0;30.0;;;;;10011.0;30.0;;;;;10000.5;105.21484375
0;5500;ASH_COATED_OSMIUM;9994.0;15.0;;;;;10012.0;28.0;;;;;10003.0;101.46875
0;5500;INTARIAN_PEPPER_ROOT;11999.0;12.0;11996.0;25.0;;;12015.0;25.0;;;;;12007.0;0.0
0;5600;INTARIAN_PEPPER_ROOT;11999.0;8.0;;;;;12012.0;8.0;12015.0;23.0;;;12005.5;0.0
0;5600;ASH_COATED_OSMIUM;9991.0;23.0;;;;;10009.0;13.0;10012.0;23.0;;;10000.0;102.7890625
0;5700;ASH_COATED_OSMIUM;9993.0;12.0;9991.0;30.0;;;10009.0;12.0;;;;;10001.0;177.8828125
0;5700;INTARIAN_PEPPER_ROOT;11996.0;23.0;;;;;12015.0;23.0;;;;;12005.5;0.0
0;5800;INTARIAN_PEPPER_ROOT;11999.0;8.0;11996.0;18.0;;;12015.0;18.0;;;;;12007.0;0.0
0;5800;ASH_COATED_OSMIUM;9991.0;28.0;;;;;10012.0;28.0;;;;;10001.5;179.4921875
0;5900;ASH_COATED_OSMIUM;9993.0;12.0;9991.0;21.0;;;10009.0;12.0;10012.0;21.0;;;10001.0;178.037109375
0;5900;INTARIAN_PEPPER_ROOT;11999.0;11.0;11996.0;22.0;;;12012.0;11.0;;;;;12005.5;0.0
0;6000;INTARIAN_PEPPER_ROOT;11999.0;12.0;11996.0;24.0;;;12013.0;12.0;12016.0;24.0;;;12006.0;0.0
0;6000;ASH_COATED_OSMIUM;9990.0;30.0;;;;;10009.0;13.0;10011.0;30.0;;;9999.5;176.7734375
0;6100;ASH_COATED_OSMIUM;9993.0;14.0;9990.0;24.0;;;10011.0;24.0;;;;;10002.0;176.677734375
0;6100;INTARIAN_PEPPER_ROOT;12009.0;3.0;12000.0;11.0;11997.0;24.0;12013.0;11.0;;;;;12011.0;0.0
0;6200;INTARIAN_PEPPER_ROOT;12000.0;10.0;11997.0;15.0;;;12013.0;10.0;12016.0;15.0;;;12006.5;0.0
0;6200;ASH_COATED_OSMIUM;9993.0;12.0;9990.0;29.0;;;10009.0;12.0;10011.0;29.0;;;10001.0;176.40234375
0;6300;ASH_COATED_OSMIUM;9993.0;14.0;9990.0;22.0;;;10009.0;14.0;10011.0;22.0;;;10001.0;175.80859375
0;6300;INTARIAN_PEPPER_ROOT;12000.0;12.0;11997.0;16.0;;;12013.0;12.0;12016.0;16.0;;;12006.5;0.0
0;6400;INTARIAN_PEPPER_ROOT;12000.0;8.0;11997.0;21.0;;;12013.0;8.0;12016.0;21.0;;;12006.5;0.0
0;6400;ASH_COATED_OSMIUM;9992.0;14.0;9989.0;23.0;;;10010.0;23.0;;;;;10001.0;173.39453125
0;6500;ASH_COATED_OSMIUM;9992.0;12.0;9990.0;22.0;;;9998.0;4.0;10008.0;12.0;10011.0;22.0;9995.0;174.390625
0;6500;INTARIAN_PEPPER_ROOT;12000.0;10.0;;;;;12013.0;10.0;12016.0;17.0;;;12006.5;0.0
0;6600;INTARIAN_PEPPER_ROOT;12000.0;11.0;11997.0;23.0;;;12013.0;11.0;12016.0;23.0;;;12006.5;0.0
0;6600;ASH_COATED_OSMIUM;;;;;;;10008.0;13.0;;;;;10008.0;181.0703125
0;6700;INTARIAN_PEPPER_ROOT;12000.0;10.0;11997.0;19.0;;;12013.0;10.0;;;;;12006.5;0.0
0;6700;ASH_COATED_OSMIUM;9992.0;12.0;9990.0;30.0;;;10011.0;30.0;;;;;10001.5;182.5546875
0;6800;INTARIAN_PEPPER_ROOT;12000.0;8.0;11997.0;20.0;;;12013.0;8.0;;;;;12006.5;0.0
0;6800;ASH_COATED_OSMIUM;9992.0;12.0;9990.0;29.0;;;10008.0;12.0;10011.0;29.0;;;10000.0;184.046875
0;6900;ASH_COATED_OSMIUM;9992.0;11.0;9990.0;27.0;;;10008.0;11.0;10011.0;27.0;;;10000.0;185.03125
0;6900;INTARIAN_PEPPER_ROOT;12000.0;8.0;11997.0;20.0;;;12013.0;8.0;12016.0;20.0;;;12006.5;0.0
0;7000;ASH_COATED_OSMIUM;9990.0;30.0;;;;;10011.0;30.0;;;;;10000.5;184.546875
0;7000;INTARIAN_PEPPER_ROOT;12000.0;10.0;11997.0;23.0;;;12014.0;10.0;12017.0;23.0;;;12007.0;0.0
0;7100;ASH_COATED_OSMIUM;10002.0;9.0;9992.0;11.0;;;10008.0;11.0;10011.0;30.0;;;10005.0;184.203125
0;7100;INTARIAN_PEPPER_ROOT;12001.0;12.0;11998.0;23.0;;;12014.0;12.0;12017.0;23.0;;;12007.5;0.0
0;7200;ASH_COATED_OSMIUM;9993.0;13.0;9990.0;22.0;;;10009.0;13.0;10011.0;22.0;;;10001.0;198.111328125
0;7200;INTARIAN_PEPPER_ROOT;12001.0;11.0;11998.0;22.0;;;12017.0;22.0;;;;;12009.0;0.0
0;7300;ASH_COATED_OSMIUM;9992.0;10.0;;;;;10008.0;10.0;10011.0;25.0;;;10000.0;199.068359375
0;7300;INTARIAN_PEPPER_ROOT;12001.0;12.0;11998.0;16.0;;;12014.0;12.0;12017.0;16.0;;;12007.5;0.0
0;7400;ASH_COATED_OSMIUM;9993.0;12.0;9990.0;22.0;;;10009.0;12.0;10011.0;22.0;;;10001.0;198.39453125
0;7400;INTARIAN_PEPPER_ROOT;12001.0;8.0;11998.0;17.0;;;12014.0;8.0;12017.0;17.0;;;12007.5;0.0
0;7500;ASH_COATED_OSMIUM;9990.0;29.0;;;;;10009.0;13.0;10011.0;29.0;;;9999.5;198.36328125
0;7500;INTARIAN_PEPPER_ROOT;12001.0;10.0;11998.0;21.0;;;12014.0;10.0;;;;;12007.5;0.0
0;7600;ASH_COATED_OSMIUM;9993.0;13.0;9990.0;27.0;;;10009.0;13.0;10011.0;27.0;;;10001.0;235.0703125
0;7600;INTARIAN_PEPPER_ROOT;;;;;;;12017.0;17.0;;;;;12017.0;0.0
0;7700;INTARIAN_PEPPER_ROOT;12001.0;10.0;11998.0;23.0;;;12014.0;10.0;12017.0;23.0;;;12007.5;0.0
0;7700;ASH_COATED_OSMIUM;9993.0;14.0;9991.0;25.0;;;10009.0;14.0;;;;;10001.0;232.046875
0;7800;INTARIAN_PEPPER_ROOT;12001.0;9.0;11998.0;18.0;;;12014.0;9.0;12017.0;18.0;;;12007.5;0.0
0;7800;ASH_COATED_OSMIUM;9993.0;15.0;;;;;10009.0;15.0;10011.0;23.0;;;10001.0;234.0078125
0;7900;INTARIAN_PEPPER_ROOT;12001.0;8.0;11998.0;15.0;;;12014.0;8.0;12017.0;15.0;;;12007.5;0.0
0;7900;ASH_COATED_OSMIUM;9993.0;10.0;9990.0;22.0;;;10009.0;10.0;;;;;10001.0;236.1015625
0;8000;INTARIAN_PEPPER_ROOT;12001.0;10.0;11998.0;20.0;;;12018.0;20.0;;;;;12009.5;0.0
0;8000;ASH_COATED_OSMIUM;9992.0;13.0;;;;;10011.0;28.0;;;;;10001.5;239.1484375
0;8100;ASH_COATED_OSMIUM;9992.0;12.0;9989.0;25.0;;;10008.0;12.0;;;;;10000.0;240.140625
0;8100;INTARIAN_PEPPER_ROOT;12002.0;8.0;11999.0;15.0;;;12015.0;8.0;;;;;12008.5;0.0
0;8200;ASH_COATED_OSMIUM;9992.0;10.0;9989.0;25.0;;;10008.0;10.0;;;;;10000.0;240.28125
0;8200;INTARIAN_PEPPER_ROOT;11999.0;25.0;;;;;12015.0;12.0;12018.0;25.0;;;12007.0;0.0
0;8300;INTARIAN_PEPPER_ROOT;12002.0;10.0;11999.0;22.0;;;12015.0;10.0;12018.0;22.0;;;12008.5;0.0
0;8300;ASH_COATED_OSMIUM;9990.0;28.0;;;;;10011.0;28.0;;;;;10000.5;239.5546875
0;8400;INTARIAN_PEPPER_ROOT;12005.0;8.0;12002.0;10.0;11999.0;21.0;12015.0;10.0;12018.0;21.0;;;12010.0;0.0
0;8400;ASH_COATED_OSMIUM;9998.0;3.0;9990.0;29.0;;;10008.0;11.0;10011.0;29.0;;;10003.0;238.8203125
0;8500;ASH_COATED_OSMIUM;9992.0;14.0;9989.0;25.0;;;10010.0;25.0;;;;;10001.0;241.0859375
0;8500;INTARIAN_PEPPER_ROOT;12002.0;9.0;11999.0;24.0;;;12015.0;9.0;12018.0;24.0;;;12008.5;0.0
0;8600;ASH_COATED_OSMIUM;9992.0;13.0;9989.0;27.0;;;10008.0;13.0;10010.0;27.0;;;10000.0;243.234375
0;8600;INTARIAN_PEPPER_ROOT;12002.0;11.0;11999.0;18.0;;;12015.0;11.0;12018.0;18.0;;;12008.5;0.0
0;8700;INTARIAN_PEPPER_ROOT;12002.0;12.0;11999.0;23.0;;;12015.0;12.0;;;;;12008.5;0.0
0;8700;ASH_COATED_OSMIUM;;;;;;;10010.0;22.0;;;;;10010.0;243.96875
0;8800;INTARIAN_PEPPER_ROOT;12002.0;8.0;11999.0;16.0;;;12015.0;8.0;12018.0;16.0;;;12008.5;0.0
0;8800;ASH_COATED_OSMIUM;9991.0;10.0;9989.0;30.0;;;10007.0;10.0;10010.0;30.0;;;9999.0;243.828125
0;8900;ASH_COATED_OSMIUM;9989.0;26.0;;;;;10010.0;26.0;;;;;9999.5;240.890625
0;8900;INTARIAN_PEPPER_ROOT;12002.0;12.0;11999.0;25.0;;;12018.0;25.0;;;;;12010.0;0.0
0;9000;ASH_COATED_OSMIUM;9992.0;10.0;9990.0;23.0;;;10008.0;10.0;10011.0;23.0;;;10000.0;237.671875
0;9000;INTARIAN_PEPPER_ROOT;11999.0;21.0;;;;;12016.0;8.0;12019.0;21.0;;;12007.5;0.0
0;9100;INTARIAN_PEPPER_ROOT;;;;;;;12016.0;8.0;12019.0;17.0;;;12016.0;0.0
0;9100;ASH_COATED_OSMIUM;9992.0;15.0;9990.0;22.0;;;10008.0;15.0;10011.0;22.0;;;10000.0;238.03125
0;9200;INTARIAN_PEPPER_ROOT;12003.0;11.0;12000.0;24.0;;;12016.0;11.0;12019.0;24.0;;;12009.5;0.0
0;9200;ASH_COATED_OSMIUM;9990.0;25.0;;;;;10008.0;14.0;;;;;9999.0;236.9296875
0;9300;ASH_COATED_OSMIUM;9992.0;13.0;;;;;10008.0;13.0;10010.0;29.0;;;10000.0;240.15625
0;9300;INTARIAN_PEPPER_ROOT;12000.0;18.0;;;;;12016.0;9.0;12019.0;18.0;;;12008.0;0.0
0;9400;ASH_COATED_OSMIUM;9992.0;15.0;9990.0;28.0;;;10002.0;4.0;10011.0;28.0;;;9997.0;239.6875
0;9400;INTARIAN_PEPPER_ROOT;12013.0;8.0;12003.0;11.0;12000.0;18.0;12016.0;11.0;12019.0;18.0;;;12014.5;0.0
0;9500;INTARIAN_PEPPER_ROOT;12003.0;9.0;;;;;12019.0;24.0;;;;;12011.0;0.0
0;9500;ASH_COATED_OSMIUM;9992.0;14.0;9990.0;24.0;;;10011.0;24.0;;;;;10001.5;239.8359375
0;9600;INTARIAN_PEPPER_ROOT;12003.0;10.0;12000.0;21.0;;;12016.0;10.0;12019.0;21.0;;;12009.5;0.0
0;9600;ASH_COATED_OSMIUM;9993.0;12.0;9990.0;20.0;;;10011.0;20.0;;;;;10002.0;233.09375
0;9700;ASH_COATED_OSMIUM;9993.0;12.0;9991.0;30.0;;;10009.0;12.0;10012.0;30.0;;;10001.0;229.625
0;9700;INTARIAN_PEPPER_ROOT;12003.0;12.0;12000.0;18.0;;;12016.0;12.0;12019.0;18.0;;;12009.5;0.0
0;9800;ASH_COATED_OSMIUM;9994.0;15.0;9991.0;24.0;;;10010.0;15.0;10012.0;24.0;;;10002.0;227.578125
0;9800;INTARIAN_PEPPER_ROOT;12003.0;9.0;12000.0;15.0;;;12016.0;9.0;12019.0;15.0;;;12009.5;0.0
0;9900;INTARIAN_PEPPER_ROOT;12003.0;11.0;12000.0;25.0;;;12016.0;11.0;12019.0;25.0;;;12009.5;0.0
0;9900;ASH_COATED_OSMIUM;10004.0;5.0;9992.0;24.0;;;;;;;;;10004.0;223.4296875
0;10000;INTARIAN_PEPPER_ROOT;12003.0;11.0;12000.0;19.0;;;12017.0;11.0;12020.0;19.0;;;12010.0;0.0
0;10000;ASH_COATED_OSMIUM;9994.0;14.0;9992.0;27.0;;;10010.0;14.0;10013.0;27.0;;;10002.0;224.4296875
0;10100;ASH_COATED_OSMIUM;9994.0;15.0;9992.0;20.0;;;10010.0;15.0;10013.0;20.0;;;10002.0;224.6015625
0;10100;INTARIAN_PEPPER_ROOT;12001.0;15.0;;;;;12017.0;10.0;12020.0;15.0;;;12009.0;0.0
0;10200;ASH_COATED_OSMIUM;9994.0;12.0;;;;;10010.0;12.0;10013.0;20.0;;;10002.0;225.09375
0;10200;INTARIAN_PEPPER_ROOT;12004.0;12.0;;;;;12017.0;12.0;12020.0;25.0;;;12010.5;0.0
0;10300;INTARIAN_PEPPER_ROOT;12004.0;9.0;12001.0;19.0;;;12017.0;9.0;12020.0;19.0;;;12010.5;0.0
0;10300;ASH_COATED_OSMIUM;9994.0;11.0;9992.0;24.0;;;10013.0;24.0;;;;;10003.5;224.0
0;10400;INTARIAN_PEPPER_ROOT;12004.0;9.0;12001.0;20.0;;;12017.0;9.0;12020.0;20.0;;;12010.5;0.0
0;10400;ASH_COATED_OSMIUM;9994.0;11.0;;;;;10010.0;11.0;10013.0;25.0;;;10002.0;224.0234375
0;10500;ASH_COATED_OSMIUM;9994.0;14.0;9992.0;26.0;;;10010.0;14.0;10013.0;26.0;;;10002.0;224.0859375
0;10500;INTARIAN_PEPPER_ROOT;12004.0;9.0;12001.0;21.0;;;12017.0;9.0;;;;;12010.5;0.0
0;10600;ASH_COATED_OSMIUM;9994.0;10.0;9992.0;20.0;;;10010.0;10.0;10013.0;20.0;;;10002.0;225.140625
0;10600;INTARIAN_PEPPER_ROOT;12004.0;11.0;12001.0;18.0;;;12017.0;11.0;12020.0;18.0;;;12010.5;0.0
0;10700;INTARIAN_PEPPER_ROOT;12004.0;10.0;12001.0;22.0;;;12017.0;10.0;12020.0;22.0;;;12010.5;0.0
0;10700;ASH_COATED_OSMIUM;9992.0;24.0;;;;;10013.0;24.0;;;;;10002.5;295.390625
0;10800;INTARIAN_PEPPER_ROOT;12004.0;12.0;12001.0;22.0;;;12017.0;12.0;12020.0;22.0;;;12010.5;0.0
0;10800;ASH_COATED_OSMIUM;9994.0;10.0;9992.0;23.0;;;10010.0;10.0;;;;;10002.0;288.5625
0;10900;ASH_COATED_OSMIUM;9995.0;15.0;9992.0;22.0;;;10011.0;15.0;10013.0;22.0;;;10003.0;286.5625
0;10900;INTARIAN_PEPPER_ROOT;12008.0;7.0;12001.0;25.0;;;12017.0;9.0;12020.0;25.0;;;12012.5;0.0
0;11000;INTARIAN_PEPPER_ROOT;12004.0;10.0;12001.0;19.0;;;12018.0;10.0;;;;;12011.0;0.0
0;11000;ASH_COATED_OSMIUM;9995.0;10.0;9992.0;26.0;;;;;;;;;9995.0;286.328125
0;11100;INTARIAN_PEPPER_ROOT;12005.0;8.0;12002.0;19.0;;;12018.0;8.0;12021.0;19.0;;;12011.5;0.0
0;11100;ASH_COATED_OSMIUM;9995.0;14.0;9992.0;30.0;;;10011.0;14.0;10013.0;30.0;;;10003.0;287.140625
0;11200;INTARIAN_PEPPER_ROOT;12002.0;23.0;;;;;12018.0;9.0;12021.0;23.0;;;12010.0;0.0
0;11200;ASH_COATED_OSMIUM;9992.0;28.0;;;;;10013.0;28.0;;;;;10002.5;292.984375
0;11300;INTARIAN_PEPPER_ROOT;12005.0;9.0;12002.0;18.0;;;12018.0;9.0;12021.0;18.0;;;12011.5;0.0
0;11300;ASH_COATED_OSMIUM;9994.0;13.0;9992.0;25.0;;;10010.0;13.0;10013.0;25.0;;;10002.0;295.890625
0;11400;ASH_COATED_OSMIUM;9994.0;15.0;9992.0;30.0;;;10013.0;30.0;;;;;10003.5;292.6875
0;11400;INTARIAN_PEPPER_ROOT;12005.0;10.0;12002.0;23.0;;;12018.0;10.0;12021.0;23.0;;;12011.5;0.0
0;11500;ASH_COATED_OSMIUM;9994.0;10.0;9992.0;28.0;;;10010.0;10.0;10013.0;28.0;;;10002.0;295.3125
0;11500;INTARIAN_PEPPER_ROOT;12002.0;24.0;;;;;12018.0;11.0;12021.0;24.0;;;12010.0;0.0
0;11600;ASH_COATED_OSMIUM;9992.0;22.0;;;;;10010.0;13.0;10013.0;22.0;;;10001.0;295.828125
0;11600;INTARIAN_PEPPER_ROOT;12005.0;12.0;12002.0;15.0;;;12018.0;12.0;12021.0;15.0;;;12011.5;0.0
0;11700;ASH_COATED_OSMIUM;9994.0;15.0;9992.0;20.0;;;10010.0;15.0;;;;;10002.0;288.5625
0;11700;INTARIAN_PEPPER_ROOT;12005.0;11.0;12002.0;18.0;;;12021.0;18.0;;;;;12013.0;0.0
0;11800;ASH_COATED_OSMIUM;;;;;;;10010.0;14.0;;;;;10010.0;299.546875
0;11800;INTARIAN_PEPPER_ROOT;12005.0;11.0;;;;;12018.0;11.0;12021.0;17.0;;;12011.5;0.0
0;11900;ASH_COATED_OSMIUM;9994.0;10.0;9992.0;22.0;;;10010.0;10.0;10013.0;22.0;;;10002.0;293.703125
0;11900;INTARIAN_PEPPER_ROOT;12005.0;8.0;12002.0;23.0;;;12018.0;8.0;12021.0;23.0;;;12011.5;0.0
0;12000;ASH_COATED_OSMIUM;9994.0;10.0;9992.0;27.0;;;10010.0;10.0;10013.0;27.0;;;10002.0;293.625
0;12000;INTARIAN_PEPPER_ROOT;12005.0;9.0;;;;;12019.0;9.0;12022.0;25.0;;;12012.0;0.0
0;12100;INTARIAN_PEPPER_ROOT;12006.0;10.0;12003.0;20.0;;;12019.0;10.0;;;;;12012.5;0.0
0;12100;ASH_COATED_OSMIUM;9994.0;15.0;9992.0;23.0;;;10013.0;23.0;;;;;10003.5;292.5
0;12200;INTARIAN_PEPPER_ROOT;12003.0;17.0;;;;;12019.0;12.0;12022.0;17.0;;;12011.0;0.0
0;12200;ASH_COATED_OSMIUM;9994.0;12.0;9992.0;23.0;;;10013.0;23.0;;;;;10003.5;290.265625
0;12300;INTARIAN_PEPPER_ROOT;;;;;;;12019.0;9.0;12022.0;21.0;;;12019.0;0.0
0;12300;ASH_COATED_OSMIUM;9994.0;13.0;9992.0;24.0;;;10010.0;13.0;;;;;10002.0;287.734375
0;12400;INTARIAN_PEPPER_ROOT;12003.0;15.0;;;;;12019.0;8.0;12022.0;15.0;;;12011.0;0.0
0;12400;ASH_COATED_OSMIUM;9992.0;29.0;;;;;10011.0;13.0;;;;;10001.5;328.34375
0;12500;ASH_COATED_OSMIUM;9995.0;10.0;9992.0;22.0;;;10011.0;10.0;10013.0;22.0;;;10003.0;328.2265625
0;12500;INTARIAN_PEPPER_ROOT;12006.0;12.0;12003.0;23.0;;;12022.0;23.0;;;;;12014.0;0.0
0;12600;INTARIAN_PEPPER_ROOT;12003.0;23.0;;;;;12019.0;10.0;12022.0;23.0;;;12011.0;0.0
0;12600;ASH_COATED_OSMIUM;9995.0;15.0;;;;;10011.0;15.0;10013.0;26.0;;;10003.0;327.75
0;12700;ASH_COATED_OSMIUM;9992.0;27.0;;;;;10011.0;12.0;10013.0;27.0;;;10001.5;331.2734375
0;12700;INTARIAN_PEPPER_ROOT;12006.0;8.0;12003.0;21.0;;;12019.0;8.0;;;;;12012.5;0.0
0;12800;INTARIAN_PEPPER_ROOT;12003.0;22.0;;;;;;;;;;;12003.0;0.0
0;12800;ASH_COATED_OSMIUM;9994.0;13.0;;;;;10010.0;13.0;10013.0;28.0;;;10002.0;335.390625
0;12900;ASH_COATED_OSMIUM;9995.0;12.0;9992.0;21.0;;;10011.0;12.0;10013.0;21.0;;;10003.0;331.4140625
0;12900;INTARIAN_PEPPER_ROOT;12006.0;12.0;12003.0;23.0;;;12019.0;12.0;12022.0;23.0;;;12012.5;0.0
0;13000;INTARIAN_PEPPER_ROOT;12006.0;8.0;12003.0;17.0;;;12020.0;8.0;12023.0;17.0;;;12013.0;0.0
0;13000;ASH_COATED_OSMIUM;9995.0;12.0;;;;;10013.0;30.0;;;;;10004.0;330.15625
0;13100;ASH_COATED_OSMIUM;9995.0;12.0;9993.0;21.0;;;10011.0;12.0;10014.0;21.0;;;10003.0;325.28125
0;13100;INTARIAN_PEPPER_ROOT;12004.0;24.0;;;;;12020.0;12.0;;;;;12012.0;0.0
0;13200;INTARIAN_PEPPER_ROOT;12007.0;9.0;12004.0;21.0;;;12020.0;9.0;12023.0;21.0;;;12013.5;0.0
0;13200;ASH_COATED_OSMIUM;9993.0;29.0;;;;;10012.0;12.0;10014.0;29.0;;;10002.5;318.5
0;13300;ASH_COATED_OSMIUM;9995.0;12.0;9993.0;22.0;;;10011.0;12.0;;;;;10003.0;322.109375
0;13300;INTARIAN_PEPPER_ROOT;12004.0;15.0;;;;;12020.0;8.0;12023.0;15.0;;;12012.0;0.0
0;13400;INTARIAN_PEPPER_ROOT;12007.0;8.0;12004.0;20.0;;;12020.0;8.0;12023.0;20.0;;;12013.5;0.0
0;13400;ASH_COATED_OSMIUM;9995.0;13.0;9992.0;26.0;;;10011.0;13.0;10013.0;26.0;;;10003.0;328.984375
0;13500;ASH_COATED_OSMIUM;9995.0;14.0;;;;;10011.0;14.0;10014.0;24.0;;;10003.0;325.3671875
0;13500;INTARIAN_PEPPER_ROOT;12007.0;9.0;12004.0;16.0;;;12020.0;9.0;12023.0;16.0;;;12013.5;0.0
0;13600;INTARIAN_PEPPER_ROOT;12007.0;9.0;12004.0;21.0;;;12020.0;9.0;12023.0;21.0;;;12013.5;0.0
0;13600;ASH_COATED_OSMIUM;9995.0;10.0;9992.0;24.0;;;10013.0;24.0;;;;;10004.0;328.421875
0;13700;ASH_COATED_OSMIUM;9995.0;14.0;9993.0;28.0;;;10011.0;14.0;10014.0;28.0;;;10003.0;324.984375
0;13700;INTARIAN_PEPPER_ROOT;12007.0;8.0;12004.0;22.0;;;12020.0;8.0;12023.0;22.0;;;12013.5;0.0
0;13800;INTARIAN_PEPPER_ROOT;12007.0;11.0;12004.0;19.0;;;12023.0;19.0;;;;;12015.0;0.0
0;13800;ASH_COATED_OSMIUM;9995.0;11.0;9993.0;23.0;;;10011.0;11.0;10014.0;23.0;;;10003.0;326.6875
0;13900;ASH_COATED_OSMIUM;9995.0;11.0;9992.0;20.0;;;10011.0;11.0;10013.0;20.0;;;10003.0;327.8046875
0;13900;INTARIAN_PEPPER_ROOT;12007.0;8.0;12004.0;15.0;;;12020.0;8.0;12023.0;15.0;;;12013.5;0.0
0;14000;INTARIAN_PEPPER_ROOT;12007.0;12.0;;;;;12021.0;12.0;12024.0;17.0;;;12014.0;0.0
0;14000;ASH_COATED_OSMIUM;9995.0;12.0;;;;;10011.0;12.0;10013.0;28.0;;;10003.0;331.515625
0;14100;ASH_COATED_OSMIUM;9995.0;14.0;9992.0;20.0;;;;;;;;;9995.0;331.6328125
0;14100;INTARIAN_PEPPER_ROOT;12008.0;11.0;12005.0;17.0;;;12021.0;11.0;12024.0;17.0;;;12014.5;0.0
0;14200;INTARIAN_PEPPER_ROOT;12008.0;9.0;12005.0;24.0;;;12021.0;9.0;12024.0;24.0;;;12014.5;0.0
0;14200;ASH_COATED_OSMIUM;9999.0;4.0;9994.0;13.0;9991.0;21.0;10010.0;13.0;10012.0;21.0;;;10004.5;338.1484375
0;14300;ASH_COATED_OSMIUM;9994.0;15.0;9991.0;21.0;;;10010.0;15.0;;;;;10002.0;339.1171875
0;14300;INTARIAN_PEPPER_ROOT;12017.0;6.0;12008.0;12.0;;;12021.0;12.0;12024.0;25.0;;;12019.0;0.0
0;14400;INTARIAN_PEPPER_ROOT;12008.0;8.0;12005.0;23.0;;;12021.0;8.0;12024.0;23.0;;;12014.5;0.0
0;14400;ASH_COATED_OSMIUM;9994.0;10.0;9991.0;21.0;;;10003.0;4.0;10010.0;10.0;;;9998.5;338.1796875
0;14500;ASH_COATED_OSMIUM;9994.0;10.0;;;;;10010.0;10.0;10013.0;28.0;;;10002.0;337.3046875
0;14500;INTARIAN_PEPPER_ROOT;12005.0;25.0;;;;;;;;;;;12005.0;0.0
0;14600;INTARIAN_PEPPER_ROOT;12005.0;23.0;;;;;12024.0;23.0;;;;;12014.5;0.0
0;14600;ASH_COATED_OSMIUM;9994.0;10.0;9992.0;27.0;;;10010.0;10.0;;;;;10002.0;337.609375
0;14700;ASH_COATED_OSMIUM;9992.0;23.0;;;;;10010.0;13.0;10013.0;23.0;;;10001.0;363.125
0;14700;INTARIAN_PEPPER_ROOT;12008.0;8.0;;;;;12021.0;8.0;12024.0;16.0;;;12014.5;0.0
0;14800;INTARIAN_PEPPER_ROOT;;;;;;;12021.0;9.0;12024.0;21.0;;;12021.0;0.0
0;14800;ASH_COATED_OSMIUM;9994.0;15.0;9992.0;30.0;;;10010.0;15.0;;;;;10002.0;365.546875
0;14900;ASH_COATED_OSMIUM;9994.0;15.0;9992.0;25.0;;;10010.0;15.0;10013.0;25.0;;;10002.0;364.15625
0;14900;INTARIAN_PEPPER_ROOT;12008.0;9.0;12005.0;21.0;;;12021.0;9.0;12024.0;21.0;;;12014.5;0.0
0;15000;INTARIAN_PEPPER_ROOT;12008.0;9.0;12005.0;25.0;;;;;;;;;12008.0;0.0
0;15000;ASH_COATED_OSMIUM;9994.0;13.0;;;;;10010.0;13.0;10013.0;25.0;;;10002.0;362.34375
0;15100;ASH_COATED_OSMIUM;9994.0;12.0;9991.0;20.0;;;10010.0;12.0;10012.0;20.0;;;10002.0;369.84375
0;15100;INTARIAN_PEPPER_ROOT;12006.0;21.0;;;;;12022.0;9.0;12025.0;21.0;;;12014.0;0.0
0;15200;INTARIAN_PEPPER_ROOT;12009.0;9.0;12006.0;22.0;;;12022.0;9.0;12025.0;22.0;;;12015.5;0.0
0;15200;ASH_COATED_OSMIUM;9992.0;21.0;;;;;10010.0;15.0;10013.0;21.0;;;10001.0;360.046875
0;15300;ASH_COATED_OSMIUM;9992.0;22.0;;;;;10013.0;22.0;;;;;10002.5;365.359375
0;15300;INTARIAN_PEPPER_ROOT;12009.0;9.0;12006.0;17.0;;;12022.0;9.0;12025.0;17.0;;;12015.5;0.0
0;15400;INTARIAN_PEPPER_ROOT;12009.0;11.0;12006.0;18.0;;;12022.0;11.0;;;;;12015.5;0.0
0;15400;ASH_COATED_OSMIUM;9994.0;11.0;;;;;10010.0;11.0;10012.0;30.0;;;10002.0;367.40625
0;15500;INTARIAN_PEPPER_ROOT;12009.0;8.0;12006.0;21.0;;;12022.0;8.0;12025.0;21.0;;;12015.5;0.0
0;15500;ASH_COATED_OSMIUM;9991.0;25.0;;;;;10009.0;10.0;10012.0;25.0;;;10000.0;373.65625
0;15600;INTARIAN_PEPPER_ROOT;12009.0;10.0;12006.0;21.0;;;12022.0;10.0;12025.0;21.0;;;12015.5;0.0
0;15600;ASH_COATED_OSMIUM;9994.0;10.0;9991.0;22.0;;;10010.0;10.0;10012.0;22.0;;;10002.0;372.40625
0;15700;INTARIAN_PEPPER_ROOT;12009.0;10.0;12006.0;17.0;;;12025.0;17.0;;;;;12017.0;0.0
0;15700;ASH_COATED_OSMIUM;9993.0;15.0;9991.0;28.0;;;10009.0;15.0;10012.0;28.0;;;10001.0;379.328125
0;15800;ASH_COATED_OSMIUM;9990.0;26.0;;;;;10009.0;12.0;10011.0;26.0;;;9999.5;382.046875
0;15800;INTARIAN_PEPPER_ROOT;12013.0;7.0;12009.0;8.0;12006.0;25.0;12022.0;8.0;12025.0;25.0;;;12017.5;0.0
0;15900;ASH_COATED_OSMIUM;9993.0;14.0;9991.0;20.0;;;10003.0;3.0;10009.0;14.0;10012.0;20.0;9998.0;375.4375
0;15900;INTARIAN_PEPPER_ROOT;12009.0;8.0;12006.0;19.0;;;12022.0;8.0;;;;;12015.5;0.0
0;16000;ASH_COATED_OSMIUM;9991.0;20.0;;;;;10009.0;11.0;10012.0;20.0;;;10000.0;374.90625
0;16000;INTARIAN_PEPPER_ROOT;12006.0;23.0;;;;;12023.0;8.0;12026.0;23.0;;;12014.5;0.0
0;16100;ASH_COATED_OSMIUM;9994.0;13.0;;;;;10003.0;2.0;10010.0;13.0;;;9998.5;372.28125
0;16100;INTARIAN_PEPPER_ROOT;12010.0;11.0;;;;;12023.0;11.0;12026.0;17.0;;;12016.5;0.0
0;16200;ASH_COATED_OSMIUM;9994.0;15.0;;;;;10012.0;27.0;;;;;10003.0;372.125
0;16200;INTARIAN_PEPPER_ROOT;12010.0;11.0;;;;;12023.0;11.0;12026.0;18.0;;;12016.5;0.0
0;16300;ASH_COATED_OSMIUM;9991.0;21.0;;;;;10009.0;11.0;10012.0;21.0;;;10000.0;377.046875
0;16300;INTARIAN_PEPPER_ROOT;12010.0;10.0;12007.0;22.0;;;12023.0;10.0;;;;;12016.5;0.0
0;16400;ASH_COATED_OSMIUM;9993.0;12.0;9991.0;25.0;;;10012.0;25.0;;;;;10002.5;379.65625
0;16400;INTARIAN_PEPPER_ROOT;12010.0;10.0;12007.0;20.0;;;12023.0;10.0;12026.0;20.0;;;12016.5;0.0
0;16500;ASH_COATED_OSMIUM;9993.0;13.0;9990.0;22.0;;;10009.0;13.0;10011.0;22.0;;;10001.0;382.25
0;16500;INTARIAN_PEPPER_ROOT;12010.0;8.0;12007.0;24.0;;;12026.0;24.0;;;;;12018.0;0.0
0;16600;INTARIAN_PEPPER_ROOT;12010.0;10.0;12007.0;22.0;;;12023.0;10.0;12026.0;22.0;;;12016.5;0.0
0;16600;ASH_COATED_OSMIUM;9992.0;12.0;9990.0;26.0;;;10008.0;12.0;10011.0;26.0;;;10000.0;392.546875
0;16700;INTARIAN_PEPPER_ROOT;12010.0;8.0;12007.0;22.0;;;12026.0;22.0;;;;;12018.0;0.0
0;16700;ASH_COATED_OSMIUM;;;;;;;;;;;;;0.0;394.15625
0;16800;INTARIAN_PEPPER_ROOT;12010.0;8.0;12007.0;16.0;;;12023.0;8.0;12026.0;16.0;;;12016.5;0.0
0;16800;ASH_COATED_OSMIUM;10002.0;7.0;9990.0;25.0;;;10008.0;13.0;10011.0;25.0;;;10005.0;393.9375
0;16900;INTARIAN_PEPPER_ROOT;12010.0;11.0;;;;;12023.0;11.0;12026.0;18.0;;;12016.5;0.0
0;16900;ASH_COATED_OSMIUM;9992.0;11.0;9990.0;22.0;;;10008.0;11.0;10011.0;22.0;;;10000.0;403.53125
0;17000;INTARIAN_PEPPER_ROOT;12010.0;8.0;;;;;12027.0;21.0;;;;;12018.5;0.0
0;17000;ASH_COATED_OSMIUM;9991.0;25.0;;;;;10009.0;10.0;10012.0;25.0;;;10000.0;386.5
0;17100;ASH_COATED_OSMIUM;9993.0;12.0;9991.0;26.0;;;10009.0;12.0;;;;;10001.0;378.890625
0;17100;INTARIAN_PEPPER_ROOT;12011.0;10.0;12008.0;21.0;;;12027.0;21.0;;;;;12019.0;0.0
0;17200;ASH_COATED_OSMIUM;9993.0;12.0;9991.0;27.0;;;10009.0;12.0;10012.0;27.0;;;10001.0;380.65625
0;17200;INTARIAN_PEPPER_ROOT;12011.0;10.0;12008.0;17.0;;;12024.0;10.0;;;;;12017.5;0.0
0;17300;INTARIAN_PEPPER_ROOT;12011.0;11.0;12008.0;24.0;;;12024.0;11.0;12027.0;24.0;;;12017.5;0.0
0;17300;ASH_COATED_OSMIUM;9993.0;14.0;;;;;10009.0;14.0;10012.0;27.0;;;10001.0;382.03125
0;17400;INTARIAN_PEPPER_ROOT;12011.0;8.0;12008.0;16.0;;;12024.0;8.0;12027.0;16.0;;;12017.5;0.0
0;17400;ASH_COATED_OSMIUM;9994.0;13.0;;;;;10010.0;13.0;10012.0;25.0;;;10002.0;370.75
0;17500;ASH_COATED_OSMIUM;9993.0;14.0;9991.0;26.0;;;10009.0;14.0;;;;;10001.0;377.09375
0;17500;INTARIAN_PEPPER_ROOT;12011.0;12.0;12008.0;16.0;;;12024.0;12.0;12027.0;16.0;;;12017.5;0.0
0;17600;ASH_COATED_OSMIUM;9993.0;12.0;9991.0;29.0;;;10009.0;12.0;10012.0;29.0;;;10001.0;381.53125
0;17600;INTARIAN_PEPPER_ROOT;12011.0;12.0;;;;;12024.0;12.0;;;;;12017.5;0.0
0;17700;INTARIAN_PEPPER_ROOT;12011.0;9.0;12008.0;16.0;;;;;;;;;12011.0;0.0
0;17700;ASH_COATED_OSMIUM;9993.0;14.0;9990.0;22.0;;;;;;;;;9993.0;419.28125
0;17800;INTARIAN_PEPPER_ROOT;12011.0;9.0;12008.0;17.0;;;12024.0;9.0;12027.0;17.0;;;12017.5;0.0
0;17800;ASH_COATED_OSMIUM;9993.0;14.0;;;;;10009.0;14.0;10011.0;30.0;;;10001.0;427.21875
0;17900;ASH_COATED_OSMIUM;9993.0;11.0;9991.0;21.0;;;10009.0;11.0;10012.0;21.0;;;10001.0;415.234375
0;17900;INTARIAN_PEPPER_ROOT;12011.0;8.0;12008.0;17.0;;;12024.0;8.0;12027.0;17.0;;;12017.5;0.0
0;18000;ASH_COATED_OSMIUM;9993.0;10.0;9991.0;24.0;;;10009.0;10.0;10012.0;24.0;;;10001.0;408.734375
0;18000;INTARIAN_PEPPER_ROOT;12011.0;8.0;12008.0;25.0;;;;;;;;;12011.0;0.0
0;18100;INTARIAN_PEPPER_ROOT;12012.0;9.0;;;;;12025.0;9.0;12028.0;18.0;;;12018.5;0.0
0;18100;ASH_COATED_OSMIUM;9993.0;12.0;9991.0;28.0;;;10009.0;12.0;10012.0;28.0;;;10001.0;465.0
0;18200;INTARIAN_PEPPER_ROOT;12009.0;16.0;;;;;12025.0;9.0;12028.0;16.0;;;12017.0;0.0
0;18200;ASH_COATED_OSMIUM;9993.0;14.0;;;;;10012.0;23.0;;;;;10002.5;467.265625
0;18300;ASH_COATED_OSMIUM;9993.0;10.0;9991.0;20.0;;;10009.0;10.0;10012.0;20.0;;;10001.0;464.65625
0;18300;INTARIAN_PEPPER_ROOT;12009.0;24.0;;;;;12025.0;12.0;12028.0;24.0;;;12017.0;0.0
0;18400;ASH_COATED_OSMIUM;9994.0;15.0;;;;;10010.0;15.0;;;;;10002.0;457.0
0;18400;INTARIAN_PEPPER_ROOT;12012.0;8.0;12009.0;21.0;;;12025.0;8.0;12028.0;21.0;;;12018.5;0.0
0;18500;INTARIAN_PEPPER_ROOT;12012.0;9.0;12009.0;18.0;;;12025.0;9.0;12028.0;18.0;;;12018.5;0.0
0;18500;ASH_COATED_OSMIUM;9994.0;15.0;;;;;10010.0;15.0;10012.0;21.0;;;10002.0;456.109375
0;18600;INTARIAN_PEPPER_ROOT;12012.0;10.0;12009.0;22.0;;;12025.0;10.0;12028.0;22.0;;;12018.5;0.0
0;18600;ASH_COATED_OSMIUM;9994.0;11.0;9991.0;21.0;;;10010.0;11.0;;;;;10002.0;459.796875
0;18700;ASH_COATED_OSMIUM;9994.0;14.0;9991.0;30.0;;;10003.0;2.0;10010.0;14.0;10012.0;30.0;9998.5;454.46875
0;18700;INTARIAN_PEPPER_ROOT;12012.0;9.0;12009.0;19.0;;;12021.0;5.0;12025.0;9.0;12028.0;19.0;12016.5;0.0
0;18800;ASH_COATED_OSMIUM;9994.0;15.0;9992.0;24.0;;;10010.0;15.0;;;;;10002.0;453.40625
0;18800;INTARIAN_PEPPER_ROOT;12012.0;10.0;12009.0;19.0;;;12025.0;10.0;12028.0;19.0;;;12018.5;0.0
0;18900;INTARIAN_PEPPER_ROOT;12012.0;9.0;12009.0;25.0;;;12028.0;25.0;;;;;12020.0;0.0
0;18900;ASH_COATED_OSMIUM;9991.0;25.0;;;;;10010.0;15.0;;;;;10000.5;460.0
0;19000;INTARIAN_PEPPER_ROOT;12012.0;9.0;12009.0;15.0;;;12026.0;9.0;12029.0;15.0;;;12019.0;0.0
0;19000;ASH_COATED_OSMIUM;9994.0;15.0;9991.0;30.0;;;10010.0;15.0;10012.0;30.0;;;10002.0;461.484375
0;19100;ASH_COATED_OSMIUM;9994.0;11.0;;;;;10012.0;21.0;;;;;10003.0;458.734375
0;19100;INTARIAN_PEPPER_ROOT;12013.0;8.0;12010.0;17.0;;;12026.0;8.0;12029.0;17.0;;;12019.5;0.0
0;19200;ASH_COATED_OSMIUM;9993.0;15.0;9991.0;26.0;;;10009.0;15.0;10012.0;26.0;;;10001.0;466.703125
0;19200;INTARIAN_PEPPER_ROOT;;;;;;;12026.0;10.0;12029.0;19.0;;;12026.0;0.0
0;19300;INTARIAN_PEPPER_ROOT;12013.0;8.0;;;;;12015.0;5.0;12026.0;8.0;12029.0;19.0;12014.0;0.0
0;19300;ASH_COATED_OSMIUM;10003.0;7.0;9993.0;10.0;9991.0;23.0;10009.0;10.0;10012.0;23.0;;;10006.0;484.921875
0;19400;INTARIAN_PEPPER_ROOT;12010.0;18.0;;;;;12026.0;11.0;12029.0;18.0;;;12018.0;0.0
0;19400;ASH_COATED_OSMIUM;9993.0;14.0;9991.0;24.0;;;10009.0;14.0;;;;;10001.0;492.5
0;19500;ASH_COATED_OSMIUM;9990.0;23.0;;;;;10009.0;15.0;10011.0;23.0;;;9999.5;571.09375
0;19500;INTARIAN_PEPPER_ROOT;12010.0;17.0;;;;;12029.0;17.0;;;;;12019.5;0.0
0;19600;ASH_COATED_OSMIUM;9993.0;11.0;9990.0;26.0;;;10009.0;11.0;10011.0;26.0;;;10001.0;674.875
0;19600;INTARIAN_PEPPER_ROOT;12013.0;10.0;;;;;12026.0;10.0;12029.0;15.0;;;12019.5;0.0
0;19700;INTARIAN_PEPPER_ROOT;12013.0;11.0;;;;;12029.0;17.0;;;;;12021.0;0.0
0;19700;ASH_COATED_OSMIUM;9993.0;14.0;9990.0;29.0;;;10011.0;29.0;;;;;10002.0;671.8125
0;19800;INTARIAN_PEPPER_ROOT;12013.0;8.0;12010.0;21.0;;;12026.0;8.0;12029.0;21.0;;;12019.5;0.0
0;19800;ASH_COATED_OSMIUM;9993.0;10.0;9990.0;26.0;;;10009.0;10.0;;;;;10001.0;666.96875
0;19900;INTARIAN_PEPPER_ROOT;12013.0;10.0;12010.0;20.0;;;12026.0;10.0;12029.0;20.0;;;12019.5;0.0
0;19900;ASH_COATED_OSMIUM;9993.0;12.0;9991.0;22.0;;;10009.0;12.0;10012.0;22.0;;;10001.0;662.109375
0;20000;INTARIAN_PEPPER_ROOT;12013.0;11.0;12010.0;25.0;;;12027.0;11.0;;;;;12020.0;0.0
0;20000;ASH_COATED_OSMIUM;9993.0;10.0;;;;;;;;;;;9993.0;659.46875
0;20100;INTARIAN_PEPPER_ROOT;12014.0;12.0;;;;;12027.0;12.0;12030.0;15.0;;;12020.5;0.0
0;20100;ASH_COATED_OSMIUM;9990.0;29.0;;;;;10009.0;15.0;10011.0;29.0;;;9999.5;666.8125
0;20200;INTARIAN_PEPPER_ROOT;12014.0;9.0;12011.0;24.0;;;12016.0;5.0;12027.0;9.0;12030.0;24.0;12015.0;0.0
0;20200;ASH_COATED_OSMIUM;9993.0;12.0;9990.0;20.0;;;10009.0;12.0;10011.0;20.0;;;10001.0;665.0
0;20300;ASH_COATED_OSMIUM;9990.0;24.0;;;;;10009.0;14.0;10011.0;24.0;;;9999.5;667.0625
0;20300;INTARIAN_PEPPER_ROOT;12014.0;9.0;12011.0;17.0;;;;;;;;;12014.0;0.0
0;20400;ASH_COATED_OSMIUM;9992.0;14.0;;;;;10008.0;14.0;10011.0;27.0;;;10000.0;691.65625
0;20400;INTARIAN_PEPPER_ROOT;12011.0;24.0;;;;;12027.0;10.0;12030.0;24.0;;;12019.0;0.0
0;20500;ASH_COATED_OSMIUM;9990.0;25.0;;;;;10002.0;2.0;10008.0;15.0;10011.0;25.0;9996.0;700.75
0;20500;INTARIAN_PEPPER_ROOT;12014.0;10.0;;;;;12027.0;10.0;12030.0;15.0;;;12020.5;0.0
0;20600;ASH_COATED_OSMIUM;9992.0;15.0;;;;;10008.0;15.0;;;;;10000.0;697.125
0;20600;INTARIAN_PEPPER_ROOT;12014.0;9.0;12011.0;25.0;;;12027.0;9.0;12030.0;25.0;;;12020.5;0.0
0;20700;ASH_COATED_OSMIUM;9992.0;11.0;9990.0;30.0;;;10008.0;11.0;10011.0;30.0;;;10000.0;702.71875
0;20700;INTARIAN_PEPPER_ROOT;12014.0;11.0;12011.0;15.0;;;12030.0;15.0;;;;;12022.0;0.0
0;20800;ASH_COATED_OSMIUM;9992.0;12.0;;;;;10008.0;12.0;10011.0;24.0;;;10000.0;699.875
0;20800;INTARIAN_PEPPER_ROOT;12011.0;24.0;;;;;12027.0;11.0;12030.0;24.0;;;12019.0;0.0
0;20900;ASH_COATED_OSMIUM;9992.0;12.0;9990.0;29.0;;;10008.0;12.0;10011.0;29.0;;;10000.0;701.28125
0;20900;INTARIAN_PEPPER_ROOT;12014.0;10.0;12011.0;25.0;;;12027.0;10.0;12030.0;25.0;;;12020.5;0.0
0;21000;INTARIAN_PEPPER_ROOT;12014.0;12.0;12011.0;19.0;;;12031.0;19.0;;;;;12022.5;0.0
0;21000;ASH_COATED_OSMIUM;9993.0;14.0;9990.0;25.0;;;10009.0;14.0;10011.0;25.0;;;10001.0;688.5
0;21100;INTARIAN_PEPPER_ROOT;12015.0;9.0;12012.0;15.0;;;12028.0;9.0;12031.0;15.0;;;12021.5;0.0
0;21100;ASH_COATED_OSMIUM;9998.0;2.0;9992.0;12.0;9990.0;28.0;10008.0;12.0;10011.0;28.0;;;10003.0;701.625
0;21200;INTARIAN_PEPPER_ROOT;12015.0;10.0;12012.0;19.0;;;12028.0;10.0;12031.0;19.0;;;12021.5;0.0
0;21200;ASH_COATED_OSMIUM;9992.0;14.0;9990.0;29.0;;;;;;;;;9992.0;691.65625
0;21300;INTARIAN_PEPPER_ROOT;12015.0;8.0;12012.0;24.0;;;;;;;;;12015.0;0.0
0;21300;ASH_COATED_OSMIUM;9993.0;11.0;9990.0;22.0;;;10009.0;11.0;10011.0;22.0;;;10001.0;689.125
0;21400;INTARIAN_PEPPER_ROOT;12015.0;12.0;12012.0;24.0;;;12028.0;12.0;12031.0;24.0;;;12021.5;0.0
0;21400;ASH_COATED_OSMIUM;9990.0;29.0;;;;;10008.0;14.0;;;;;9999.0;695.625
0;21500;ASH_COATED_OSMIUM;9993.0;11.0;;;;;10009.0;11.0;;;;;10001.0;689.71875
0;21500;INTARIAN_PEPPER_ROOT;12015.0;11.0;12012.0;25.0;;;12028.0;11.0;12031.0;25.0;;;12021.5;0.0
0;21600;INTARIAN_PEPPER_ROOT;12015.0;12.0;12012.0;22.0;;;12028.0;12.0;12031.0;22.0;;;12021.5;0.0
0;21600;ASH_COATED_OSMIUM;9990.0;20.0;;;;;10009.0;14.0;10011.0;20.0;;;9999.5;685.875
0;21700;ASH_COATED_OSMIUM;9993.0;11.0;9990.0;25.0;;;;;;;;;9993.0;686.40625
0;21700;INTARIAN_PEPPER_ROOT;12015.0;12.0;12012.0;16.0;;;12031.0;16.0;;;;;12023.0;0.0
0;21800;INTARIAN_PEPPER_ROOT;12015.0;10.0;12012.0;16.0;;;12028.0;10.0;12031.0;16.0;;;12021.5;0.0
0;21800;ASH_COATED_OSMIUM;9991.0;25.0;;;;;10009.0;14.0;10012.0;25.0;;;10000.0;672.3125
0;21900;ASH_COATED_OSMIUM;9993.0;13.0;9991.0;27.0;;;10009.0;13.0;;;;;10001.0;663.09375
0;21900;INTARIAN_PEPPER_ROOT;12015.0;8.0;12012.0;15.0;;;12028.0;8.0;12031.0;15.0;;;12021.5;0.0
0;22000;INTARIAN_PEPPER_ROOT;12012.0;20.0;;;;;12032.0;20.0;;;;;12022.0;0.0
0;22000;ASH_COATED_OSMIUM;10003.0;6.0;9993.0;15.0;9991.0;20.0;10009.0;15.0;10012.0;20.0;;;10006.0;673.78125
0;22100;ASH_COATED_OSMIUM;9993.0;10.0;9991.0;22.0;;;10009.0;10.0;10012.0;22.0;;;10001.0;681.1875
0;22100;INTARIAN_PEPPER_ROOT;12016.0;9.0;12013.0;23.0;;;12029.0;9.0;;;;;12022.5;0.0
0;22200;INTARIAN_PEPPER_ROOT;12016.0;11.0;12013.0;21.0;;;12029.0;11.0;12032.0;21.0;;;12022.5;0.0
0;22200;ASH_COATED_OSMIUM;9994.0;13.0;9991.0;23.0;;;10010.0;13.0;10012.0;23.0;;;10002.0;671.15625
0;22300;ASH_COATED_OSMIUM;9994.0;13.0;9991.0;28.0;;;10012.0;28.0;;;;;10003.0;662.375
0;22300;INTARIAN_PEPPER_ROOT;12016.0;12.0;12013.0;22.0;;;12029.0;12.0;12032.0;22.0;;;12022.5;0.0
0;22400;INTARIAN_PEPPER_ROOT;12016.0;11.0;12013.0;25.0;;;12029.0;11.0;12032.0;25.0;;;12022.5;0.0
0;22400;ASH_COATED_OSMIUM;9993.0;10.0;;;;;10012.0;23.0;;;;;10002.5;685.84375
0;22500;ASH_COATED_OSMIUM;9994.0;10.0;9991.0;27.0;;;10010.0;10.0;;;;;10002.0;656.1875
0;22500;INTARIAN_PEPPER_ROOT;12016.0;12.0;12013.0;25.0;;;12029.0;12.0;12032.0;25.0;;;12022.5;0.0
0;22600;INTARIAN_PEPPER_ROOT;12016.0;8.0;12013.0;19.0;;;12029.0;8.0;12032.0;19.0;;;12022.5;0.0
0;22600;ASH_COATED_OSMIUM;9992.0;25.0;;;;;10010.0;15.0;10013.0;25.0;;;10001.0;684.40625
0;22700;ASH_COATED_OSMIUM;9994.0;14.0;;;;;10010.0;14.0;;;;;10002.0;693.375
0;22700;INTARIAN_PEPPER_ROOT;12016.0;8.0;12013.0;19.0;;;12029.0;8.0;12032.0;19.0;;;12022.5;0.0
0;22800;INTARIAN_PEPPER_ROOT;12013.0;23.0;;;;;12029.0;9.0;12032.0;23.0;;;12021.0;0.0
0;22800;ASH_COATED_OSMIUM;9993.0;12.0;;;;;10012.0;26.0;;;;;10002.5;712.15625
0;22900;ASH_COATED_OSMIUM;;;;;;;10009.0;11.0;10012.0;22.0;;;10009.0;711.4375
0;22900;INTARIAN_PEPPER_ROOT;12016.0;11.0;12013.0;25.0;;;12029.0;11.0;;;;;12022.5;0.0
0;23000;INTARIAN_PEPPER_ROOT;12016.0;12.0;12013.0;23.0;;;12030.0;12.0;12033.0;23.0;;;12023.0;0.0
0;23000;ASH_COATED_OSMIUM;9991.0;20.0;;;;;10009.0;12.0;;;;;10000.0;704.96875
0;23100;ASH_COATED_OSMIUM;9993.0;13.0;9991.0;26.0;;;10009.0;13.0;;;;;10001.0;744.90625
0;23100;INTARIAN_PEPPER_ROOT;12017.0;9.0;12014.0;20.0;;;12030.0;9.0;12033.0;20.0;;;12023.5;0.0
0;23200;INTARIAN_PEPPER_ROOT;;;;;;;12030.0;12.0;;;;;12030.0;0.0
0;23200;ASH_COATED_OSMIUM;9993.0;14.0;9990.0;24.0;;;10009.0;14.0;10011.0;24.0;;;10001.0;756.53125
0;23300;ASH_COATED_OSMIUM;9992.0;10.0;9990.0;21.0;;;10008.0;10.0;10011.0;21.0;;;10000.0;763.65625
0;23300;INTARIAN_PEPPER_ROOT;12017.0;9.0;12014.0;25.0;;;12030.0;9.0;12033.0;25.0;;;12023.5;0.0
0;23400;INTARIAN_PEPPER_ROOT;;;;;;;12033.0;15.0;;;;;12033.0;0.0
0;23400;ASH_COATED_OSMIUM;9990.0;29.0;;;;;10009.0;15.0;10011.0;29.0;;;9999.5;748.3125
0;23500;ASH_COATED_OSMIUM;9993.0;10.0;;;;;10011.0;30.0;;;;;10002.0;750.6875
0;23500;INTARIAN_PEPPER_ROOT;12017.0;9.0;12014.0;15.0;;;12033.0;15.0;;;;;12025.0;0.0
0;23600;INTARIAN_PEPPER_ROOT;12017.0;8.0;12014.0;25.0;;;12030.0;8.0;12033.0;25.0;;;12023.5;0.0
0;23600;ASH_COATED_OSMIUM;9993.0;10.0;9990.0;25.0;;;10009.0;10.0;10011.0;25.0;;;10001.0;760.40625
0;23700;ASH_COATED_OSMIUM;9990.0;20.0;;;;;10008.0;15.0;10011.0;20.0;;;9999.0;767.25
0;23700;INTARIAN_PEPPER_ROOT;12017.0;10.0;12014.0;20.0;;;;;;;;;12017.0;0.0
0;23800;INTARIAN_PEPPER_ROOT;12017.0;10.0;12014.0;15.0;;;12030.0;10.0;12033.0;15.0;;;12023.5;0.0
0;23800;ASH_COATED_OSMIUM;9992.0;11.0;9990.0;22.0;;;10008.0;11.0;10011.0;22.0;;;10000.0;767.0
0;23900;ASH_COATED_OSMIUM;9993.0;14.0;9990.0;27.0;;;;;;;;;9993.0;752.46875
0;23900;INTARIAN_PEPPER_ROOT;12017.0;8.0;12014.0;23.0;;;12030.0;8.0;12033.0;23.0;;;12023.5;0.0
0;24000;INTARIAN_PEPPER_ROOT;12017.0;12.0;12014.0;25.0;;;12031.0;12.0;12034.0;25.0;;;12024.0;0.0
0;24000;ASH_COATED_OSMIUM;9990.0;29.0;;;;;;;;;;;9990.0;747.9375
0;24100;ASH_COATED_OSMIUM;9993.0;10.0;9990.0;20.0;;;10011.0;20.0;;;;;10002.0;748.8125
0;24100;INTARIAN_PEPPER_ROOT;12018.0;9.0;12015.0;25.0;;;12031.0;9.0;12034.0;25.0;;;12024.5;0.0
0;24200;INTARIAN_PEPPER_ROOT;12018.0;8.0;12015.0;23.0;;;12031.0;8.0;12034.0;23.0;;;12024.5;0.0
0;24200;ASH_COATED_OSMIUM;9992.0;14.0;9990.0;23.0;;;10008.0;14.0;;;;;10000.0;767.21875
0;24300;INTARIAN_PEPPER_ROOT;12015.0;21.0;;;;;12031.0;11.0;;;;;12023.0;0.0
0;24300;ASH_COATED_OSMIUM;9993.0;14.0;9990.0;27.0;;;10009.0;14.0;10011.0;27.0;;;10001.0;755.4375
0;24400;INTARIAN_PEPPER_ROOT;12018.0;11.0;12015.0;19.0;;;12031.0;11.0;12034.0;19.0;;;12024.5;0.0
0;24400;ASH_COATED_OSMIUM;9992.0;14.0;9990.0;28.0;;;10008.0;14.0;10011.0;28.0;;;10000.0;799.125
0;24500;INTARIAN_PEPPER_ROOT;12018.0;11.0;12015.0;23.0;;;12031.0;11.0;12034.0;23.0;;;12024.5;0.0
0;24500;ASH_COATED_OSMIUM;9992.0;14.0;9990.0;24.0;;;10008.0;14.0;10011.0;24.0;;;10000.0;803.4375
0;24600;INTARIAN_PEPPER_ROOT;12018.0;11.0;12015.0;21.0;;;12031.0;11.0;12034.0;21.0;;;12024.5;0.0
0;24600;ASH_COATED_OSMIUM;9992.0;12.0;9990.0;22.0;;;10008.0;12.0;10011.0;22.0;;;10000.0;807.75
0;24700;ASH_COATED_OSMIUM;;;;;;;10009.0;15.0;10011.0;20.0;;;10009.0;784.4375
0;24700;INTARIAN_PEPPER_ROOT;12022.0;12.0;12018.0;11.0;12015.0;20.0;12031.0;11.0;12034.0;20.0;;;12026.5;0.0
0;24800;ASH_COATED_OSMIUM;9993.0;10.0;;;;;10009.0;10.0;10011.0;28.0;;;10001.0;781.40625
0;24800;INTARIAN_PEPPER_ROOT;12018.0;8.0;;;;;12031.0;8.0;12034.0;25.0;;;12024.5;0.0
0;24900;ASH_COATED_OSMIUM;9993.0;13.0;9990.0;24.0;;;;;;;;;9993.0;782.125
0;24900;INTARIAN_PEPPER_ROOT;12018.0;9.0;12015.0;23.0;;;12031.0;9.0;12034.0;23.0;;;12024.5;0.0
0;25000;ASH_COATED_OSMIUM;;;;;;;10009.0;13.0;;;;;10009.0;787.65625
0;25000;INTARIAN_PEPPER_ROOT;12018.0;9.0;12015.0;25.0;;;12032.0;9.0;12035.0;25.0;;;12025.0;0.0
0;25100;ASH_COATED_OSMIUM;9999.0;5.0;9993.0;13.0;9991.0;26.0;10009.0;13.0;10012.0;26.0;;;10004.0;762.5625
0;25100;INTARIAN_PEPPER_ROOT;12019.0;10.0;12016.0;18.0;;;12032.0;10.0;;;;;12025.5;0.0
0;25200;ASH_COATED_OSMIUM;9993.0;13.0;9990.0;24.0;;;10009.0;13.0;;;;;10001.0;778.21875
0;25200;INTARIAN_PEPPER_ROOT;12019.0;10.0;12016.0;18.0;;;12035.0;18.0;;;;;12027.0;0.0
0;25300;ASH_COATED_OSMIUM;9993.0;12.0;9990.0;21.0;;;10009.0;12.0;10011.0;21.0;;;10001.0;779.09375
0;25300;INTARIAN_PEPPER_ROOT;12019.0;12.0;;;;;12032.0;12.0;12035.0;15.0;;;12025.5;0.0
0;25400;INTARIAN_PEPPER_ROOT;12019.0;8.0;12016.0;18.0;;;12035.0;18.0;;;;;12027.0;0.0
0;25400;ASH_COATED_OSMIUM;;;;;;;10009.0;11.0;10011.0;27.0;;;10009.0;780.09375
0;25500;INTARIAN_PEPPER_ROOT;12019.0;12.0;12016.0;22.0;;;12032.0;12.0;12035.0;22.0;;;12025.5;0.0
0;25500;ASH_COATED_OSMIUM;9993.0;14.0;9990.0;23.0;;;10009.0;14.0;10011.0;23.0;;;10001.0;780.9375
0;25600;INTARIAN_PEPPER_ROOT;12019.0;10.0;12016.0;19.0;;;12032.0;10.0;12035.0;19.0;;;12025.5;0.0
0;25600;ASH_COATED_OSMIUM;9993.0;14.0;9990.0;24.0;;;10009.0;14.0;10011.0;24.0;;;10001.0;781.875
0;25700;INTARIAN_PEPPER_ROOT;12019.0;12.0;12016.0;22.0;;;12032.0;12.0;12035.0;22.0;;;12025.5;0.0
0;25700;ASH_COATED_OSMIUM;9993.0;10.0;9990.0;24.0;;;10009.0;10.0;10011.0;24.0;;;10001.0;789.84375
0;25800;ASH_COATED_OSMIUM;9990.0;27.0;;;;;10008.0;10.0;10011.0;27.0;;;9999.0;795.40625
0;25800;INTARIAN_PEPPER_ROOT;12019.0;9.0;;;;;12032.0;9.0;12035.0;20.0;;;12025.5;0.0
0;25900;INTARIAN_PEPPER_ROOT;12019.0;11.0;12016.0;18.0;;;12032.0;11.0;12035.0;18.0;;;12025.5;0.0
0;25900;ASH_COATED_OSMIUM;9993.0;12.0;9990.0;27.0;;;10009.0;12.0;10011.0;27.0;;;10001.0;786.375
0;26000;INTARIAN_PEPPER_ROOT;12019.0;11.0;12016.0;24.0;;;12033.0;11.0;;;;;12026.0;0.0
0;26000;ASH_COATED_OSMIUM;9993.0;15.0;9990.0;27.0;;;10009.0;15.0;10011.0;27.0;;;10001.0;782.65625
0;26100;ASH_COATED_OSMIUM;9993.0;14.0;9990.0;24.0;;;10009.0;14.0;10011.0;24.0;;;10001.0;790.125
0;26100;INTARIAN_PEPPER_ROOT;;;;;;;12033.0;9.0;12036.0;22.0;;;12033.0;0.0
0;26200;ASH_COATED_OSMIUM;9991.0;27.0;;;;;10009.0;14.0;10012.0;27.0;;;10000.0;761.75
0;26200;INTARIAN_PEPPER_ROOT;12020.0;11.0;12017.0;16.0;;;12033.0;11.0;12036.0;16.0;;;12026.5;0.0
0;26300;INTARIAN_PEPPER_ROOT;12020.0;10.0;12017.0;17.0;;;12033.0;10.0;12036.0;17.0;;;12026.5;0.0
0;26300;ASH_COATED_OSMIUM;;;;;;;10009.0;11.0;10012.0;25.0;;;10009.0;763.15625
0;26400;INTARIAN_PEPPER_ROOT;12020.0;9.0;12017.0;17.0;;;12033.0;9.0;12036.0;17.0;;;12026.5;0.0
0;26400;ASH_COATED_OSMIUM;9994.0;14.0;9991.0;27.0;;;9999.0;10.0;10010.0;14.0;10012.0;27.0;9996.5;738.90625
0;26500;ASH_COATED_OSMIUM;9994.0;13.0;9991.0;21.0;;;9999.0;5.0;10010.0;13.0;10012.0;21.0;9996.5;768.125
0;26500;INTARIAN_PEPPER_ROOT;12020.0;8.0;;;;;12033.0;8.0;12036.0;23.0;;;12026.5;0.0
0;26600;ASH_COATED_OSMIUM;9994.0;14.0;;;;;10010.0;14.0;10013.0;29.0;;;10002.0;765.8125
0;26600;INTARIAN_PEPPER_ROOT;12020.0;12.0;12017.0;18.0;;;12033.0;12.0;12036.0;18.0;;;12026.5;0.0
0;26700;INTARIAN_PEPPER_ROOT;12020.0;12.0;;;;;12036.0;23.0;;;;;12028.0;0.0
0;26700;ASH_COATED_OSMIUM;9994.0;10.0;9992.0;26.0;;;10010.0;10.0;10013.0;26.0;;;10002.0;762.625
0;26800;INTARIAN_PEPPER_ROOT;12020.0;10.0;12017.0;21.0;;;12033.0;10.0;;;;;12026.5;0.0
0;26800;ASH_COATED_OSMIUM;9991.0;20.0;;;;;10010.0;10.0;10012.0;20.0;;;10000.5;769.46875
0;26900;ASH_COATED_OSMIUM;9993.0;11.0;9991.0;22.0;;;10009.0;11.0;;;;;10001.0;788.625
0;26900;INTARIAN_PEPPER_ROOT;12020.0;8.0;12017.0;25.0;;;12033.0;8.0;12036.0;25.0;;;12026.5;0.0
0;27000;ASH_COATED_OSMIUM;9990.0;26.0;;;;;10009.0;10.0;10011.0;26.0;;;9999.5;796.25
0;27000;INTARIAN_PEPPER_ROOT;;;;;;;12034.0;12.0;12037.0;18.0;;;12034.0;0.0
0;27100;INTARIAN_PEPPER_ROOT;12021.0;12.0;12018.0;25.0;;;12034.0;12.0;12037.0;25.0;;;12027.5;0.0
0;27100;ASH_COATED_OSMIUM;9991.0;27.0;;;;;10012.0;27.0;;;;;10001.5;788.65625
0;27200;INTARIAN_PEPPER_ROOT;12018.0;22.0;;;;;;;;;;;12018.0;0.0
0;27200;ASH_COATED_OSMIUM;;;;;;;10009.0;10.0;10011.0;23.0;;;10009.0;800.3125
0;27300;ASH_COATED_OSMIUM;10002.0;10.0;;;;;10009.0;15.0;10011.0;25.0;;;10005.5;800.03125
0;27300;INTARIAN_PEPPER_ROOT;12018.0;20.0;;;;;12034.0;9.0;;;;;12026.0;0.0
0;27400;ASH_COATED_OSMIUM;9993.0;10.0;9991.0;22.0;;;10009.0;10.0;;;;;10001.0;788.90625
0;27400;INTARIAN_PEPPER_ROOT;12021.0;11.0;12018.0;19.0;;;12034.0;11.0;12037.0;19.0;;;12027.5;0.0
0;27500;INTARIAN_PEPPER_ROOT;12021.0;9.0;;;;;12034.0;9.0;12037.0;19.0;;;12027.5;0.0
0;27500;ASH_COATED_OSMIUM;9993.0;11.0;;;;;10009.0;11.0;10012.0;30.0;;;10001.0;794.875
0;27600;INTARIAN_PEPPER_ROOT;12021.0;11.0;12018.0;20.0;;;12037.0;20.0;;;;;12029.0;0.0
0;27600;ASH_COATED_OSMIUM;9993.0;14.0;9991.0;26.0;;;10009.0;14.0;10012.0;26.0;;;10001.0;804.5
0;27700;ASH_COATED_OSMIUM;9993.0;12.0;9991.0;30.0;;;10009.0;12.0;10012.0;30.0;;;10001.0;804.75
0;27700;INTARIAN_PEPPER_ROOT;12021.0;10.0;12018.0;18.0;;;12030.0;5.0;12034.0;10.0;12037.0;18.0;12025.5;0.0
0;27800;ASH_COATED_OSMIUM;9992.0;14.0;9990.0;20.0;;;10008.0;14.0;;;;;10000.0;824.25
0;27800;INTARIAN_PEPPER_ROOT;12021.0;9.0;12018.0;25.0;;;12034.0;9.0;12037.0;25.0;;;12027.5;0.0
0;27900;INTARIAN_PEPPER_ROOT;12018.0;22.0;;;;;12034.0;8.0;12037.0;22.0;;;12026.0;0.0
0;27900;ASH_COATED_OSMIUM;9992.0;14.0;9990.0;29.0;;;10008.0;14.0;10011.0;29.0;;;10000.0;832.3125
0;28000;INTARIAN_PEPPER_ROOT;12021.0;8.0;12018.0;25.0;;;12035.0;8.0;;;;;12028.0;0.0
0;28000;ASH_COATED_OSMIUM;9992.0;13.0;9990.0;22.0;;;10008.0;13.0;10011.0;22.0;;;10000.0;839.03125
0;28100;ASH_COATED_OSMIUM;;;;;;;10008.0;15.0;;;;;10008.0;846.90625
0;28100;INTARIAN_PEPPER_ROOT;12022.0;10.0;;;;;12035.0;10.0;12038.0;20.0;;;12028.5;0.0
0;28200;ASH_COATED_OSMIUM;9990.0;23.0;;;;;10009.0;10.0;10011.0;23.0;;;9999.5;822.875
0;28200;INTARIAN_PEPPER_ROOT;12022.0;8.0;;;;;12038.0;19.0;;;;;12030.0;0.0
0;28300;INTARIAN_PEPPER_ROOT;12022.0;9.0;;;;;12035.0;9.0;;;;;12028.5;0.0
0;28300;ASH_COATED_OSMIUM;9993.0;12.0;9990.0;28.0;;;10009.0;12.0;10011.0;28.0;;;10001.0;844.59375
0;28400;INTARIAN_PEPPER_ROOT;12019.0;16.0;;;;;12035.0;8.0;12038.0;16.0;;;12027.0;0.0
0;28400;ASH_COATED_OSMIUM;9993.0;15.0;;;;;10009.0;15.0;10011.0;20.0;;;10001.0;855.09375
0;28500;ASH_COATED_OSMIUM;9993.0;14.0;9990.0;28.0;;;10009.0;14.0;10011.0;28.0;;;10001.0;850.46875
0;28500;INTARIAN_PEPPER_ROOT;12022.0;12.0;12019.0;25.0;;;12035.0;12.0;12038.0;25.0;;;12028.5;0.0
0;28600;ASH_COATED_OSMIUM;9990.0;26.0;;;;;10009.0;12.0;10011.0;26.0;;;9999.5;845.28125
0;28600;INTARIAN_PEPPER_ROOT;12019.0;20.0;;;;;12035.0;12.0;;;;;12027.0;0.0
0;28700;INTARIAN_PEPPER_ROOT;12022.0;9.0;;;;;12035.0;9.0;12038.0;19.0;;;12028.5;0.0
0;28700;ASH_COATED_OSMIUM;9991.0;22.0;;;;;10010.0;14.0;10012.0;22.0;;;10000.5;814.625
0;28800;INTARIAN_PEPPER_ROOT;12022.0;10.0;12019.0;15.0;;;12035.0;10.0;12038.0;15.0;;;12028.5;0.0
0;28800;ASH_COATED_OSMIUM;9993.0;14.0;9991.0;21.0;;;10009.0;14.0;;;;;10001.0;822.84375
0;28900;INTARIAN_PEPPER_ROOT;12022.0;9.0;12019.0;23.0;;;12038.0;23.0;;;;;12030.0;0.0
0;28900;ASH_COATED_OSMIUM;9993.0;11.0;9991.0;22.0;;;10009.0;11.0;;;;;10001.0;906.84375
0;29000;INTARIAN_PEPPER_ROOT;12022.0;10.0;12019.0;18.0;;;12036.0;10.0;12039.0;18.0;;;12029.0;0.0
0;29000;ASH_COATED_OSMIUM;9991.0;24.0;;;;;10009.0;11.0;10012.0;24.0;;;10000.0;907.40625
0;29100;INTARIAN_PEPPER_ROOT;;;;;;;12036.0;10.0;12039.0;20.0;;;12036.0;0.0
0;29100;ASH_COATED_OSMIUM;9993.0;12.0;9990.0;23.0;;;10009.0;12.0;10011.0;23.0;;;10001.0;966.03125
0;29200;ASH_COATED_OSMIUM;9993.0;12.0;;;;;10009.0;12.0;10011.0;22.0;;;10001.0;972.28125
0;29200;INTARIAN_PEPPER_ROOT;12020.0;24.0;;;;;12036.0;10.0;;;;;12028.0;0.0
0;29300;ASH_COATED_OSMIUM;9993.0;10.0;;;;;10009.0;10.0;10011.0;22.0;;;10001.0;968.546875
0;29300;INTARIAN_PEPPER_ROOT;12023.0;10.0;12020.0;24.0;;;12025.0;4.0;12036.0;10.0;12039.0;24.0;12024.0;0.0
0;29400;ASH_COATED_OSMIUM;9990.0;23.0;;;;;10011.0;23.0;;;;;10000.5;968.546875
0;29400;INTARIAN_PEPPER_ROOT;12023.0;8.0;;;;;12036.0;8.0;;;;;12029.5;0.0
0;29500;ASH_COATED_OSMIUM;9998.0;2.0;9990.0;20.0;;;10011.0;20.0;;;;;10004.5;967.171875
0;29500;INTARIAN_PEPPER_ROOT;12023.0;12.0;12020.0;15.0;;;12036.0;12.0;12039.0;15.0;;;12029.5;0.0
0;29600;ASH_COATED_OSMIUM;9993.0;12.0;9990.0;26.0;;;10009.0;12.0;;;;;10001.0;976.359375
0;29600;INTARIAN_PEPPER_ROOT;12023.0;12.0;;;;;12036.0;12.0;12039.0;21.0;;;12029.5;0.0
0;29700;ASH_COATED_OSMIUM;9990.0;22.0;;;;;10008.0;15.0;10011.0;22.0;;;9999.0;980.21875
0;29700;INTARIAN_PEPPER_ROOT;12023.0;12.0;12020.0;21.0;;;12036.0;12.0;12039.0;21.0;;;12029.5;0.0
0;29800;ASH_COATED_OSMIUM;9993.0;13.0;9990.0;25.0;;;10011.0;25.0;;;;;10002.0;970.625
0;29800;INTARIAN_PEPPER_ROOT;12023.0;9.0;;;;;12036.0;9.0;12039.0;16.0;;;12029.5;0.0
0;29900;INTARIAN_PEPPER_ROOT;12023.0;12.0;12020.0;16.0;;;12036.0;12.0;;;;;12029.5;0.0
0;29900;ASH_COATED_OSMIUM;9993.0;10.0;9990.0;30.0;;;10009.0;10.0;;;;;10001.0;967.28125
0;30000;INTARIAN_PEPPER_ROOT;12023.0;11.0;;;;;12040.0;20.0;;;;;12031.5;0.0
0;30000;ASH_COATED_OSMIUM;9993.0;11.0;;;;;10009.0;11.0;;;;;10001.0;971.84375
0;30100;INTARIAN_PEPPER_ROOT;12024.0;12.0;12021.0;25.0;;;12037.0;12.0;;;;;12030.5;0.0
0;30100;ASH_COATED_OSMIUM;9993.0;15.0;;;;;10009.0;15.0;;;;;10001.0;963.03125
0;30200;INTARIAN_PEPPER_ROOT;12021.0;17.0;;;;;;;;;;;12021.0;0.0
0;30200;ASH_COATED_OSMIUM;9993.0;11.0;9991.0;28.0;;;10009.0;11.0;;;;;10001.0;959.09375
0;30300;ASH_COATED_OSMIUM;9993.0;14.0;9991.0;29.0;;;10009.0;14.0;10012.0;29.0;;;10001.0;958.6875
0;30300;INTARIAN_PEPPER_ROOT;12024.0;8.0;12021.0;22.0;;;12037.0;8.0;12040.0;22.0;;;12030.5;0.0
0;30400;INTARIAN_PEPPER_ROOT;12024.0;10.0;12021.0;16.0;;;12040.0;16.0;;;;;12032.0;0.0
0;30400;ASH_COATED_OSMIUM;9993.0;10.0;9990.0;30.0;;;10009.0;10.0;;;;;10001.0;974.796875
0;30500;ASH_COATED_OSMIUM;9990.0;28.0;;;;;10009.0;11.0;10011.0;28.0;;;9999.5;976.59375
0;30500;INTARIAN_PEPPER_ROOT;12024.0;8.0;12021.0;18.0;;;;;;;;;12024.0;0.0
0;30600;INTARIAN_PEPPER_ROOT;12024.0;12.0;12021.0;25.0;;;12037.0;12.0;12040.0;25.0;;;12030.5;0.0
0;30600;ASH_COATED_OSMIUM;9993.0;11.0;9990.0;30.0;;;10009.0;11.0;10011.0;30.0;;;10001.0;971.671875
0;30700;ASH_COATED_OSMIUM;;;;;;;10009.0;12.0;10011.0;27.0;;;10009.0;974.0625
0;30700;INTARIAN_PEPPER_ROOT;12024.0;9.0;12021.0;24.0;;;12037.0;9.0;12040.0;24.0;;;12030.5;0.0
0;30800;INTARIAN_PEPPER_ROOT;12024.0;10.0;12021.0;23.0;;;12037.0;10.0;12040.0;23.0;;;12030.5;0.0
0;30800;ASH_COATED_OSMIUM;9990.0;29.0;;;;;10009.0;10.0;;;;;9999.5;969.5625
0;30900;ASH_COATED_OSMIUM;9993.0;11.0;;;;;10009.0;11.0;10011.0;21.0;;;10001.0;971.890625
0;30900;INTARIAN_PEPPER_ROOT;12021.0;23.0;;;;;12037.0;8.0;12040.0;23.0;;;12029.0;0.0
0;31000;INTARIAN_PEPPER_ROOT;12024.0;10.0;12021.0;18.0;;;12041.0;18.0;;;;;12032.5;0.0
0;31000;ASH_COATED_OSMIUM;9990.0;26.0;;;;;10009.0;12.0;10011.0;26.0;;;9999.5;970.421875
0;31100;ASH_COATED_OSMIUM;9990.0;23.0;;;;;10008.0;13.0;;;;;9999.0;982.203125
0;31100;INTARIAN_PEPPER_ROOT;;;;;;;;;;;;;0.0;0.0
0;31200;INTARIAN_PEPPER_ROOT;12025.0;11.0;;;;;12041.0;18.0;;;;;12033.0;0.0
0;31200;ASH_COATED_OSMIUM;9993.0;15.0;9990.0;21.0;;;10009.0;15.0;;;;;10001.0;965.140625
0;31300;ASH_COATED_OSMIUM;9993.0;14.0;;;;;10009.0;14.0;10011.0;20.0;;;10001.0;971.84375
0;31300;INTARIAN_PEPPER_ROOT;12022.0;22.0;;;;;;;;;;;12022.0;0.0
0;31400;INTARIAN_PEPPER_ROOT;12025.0;10.0;12022.0;20.0;;;12038.0;10.0;12041.0;20.0;;;12031.5;0.0
0;31400;ASH_COATED_OSMIUM;9998.0;5.0;9993.0;11.0;9990.0;22.0;10011.0;22.0;;;;;10004.5;966.34375
0;31500;ASH_COATED_OSMIUM;9993.0;11.0;9990.0;21.0;;;10009.0;11.0;;;;;10001.0;964.328125
0;31500;INTARIAN_PEPPER_ROOT;12025.0;12.0;12022.0;15.0;;;12038.0;12.0;;;;;12031.5;0.0
0;31600;INTARIAN_PEPPER_ROOT;12022.0;16.0;;;;;12038.0;8.0;12041.0;16.0;;;12030.0;0.0
0;31600;ASH_COATED_OSMIUM;9993.0;13.0;9990.0;24.0;;;10009.0;13.0;10011.0;24.0;;;10001.0;965.796875
0;31700;ASH_COATED_OSMIUM;9993.0;10.0;9990.0;29.0;;;10009.0;10.0;10011.0;29.0;;;10001.0;964.4375
0;31700;INTARIAN_PEPPER_ROOT;12035.0;4.0;12025.0;12.0;;;12038.0;12.0;12041.0;21.0;;;12036.5;0.0
0;31800;INTARIAN_PEPPER_ROOT;12025.0;12.0;;;;;12038.0;12.0;12041.0;19.0;;;12031.5;0.0
0;31800;ASH_COATED_OSMIUM;9993.0;13.0;9990.0;22.0;;;10009.0;13.0;10011.0;22.0;;;10001.0;972.484375
0;31900;ASH_COATED_OSMIUM;9993.0;11.0;9990.0;26.0;;;10009.0;11.0;10011.0;26.0;;;10001.0;967.015625
0;31900;INTARIAN_PEPPER_ROOT;12025.0;11.0;12022.0;19.0;;;12038.0;11.0;;;;;12031.5;0.0
0;32000;INTARIAN_PEPPER_ROOT;12025.0;11.0;12022.0;20.0;;;12039.0;11.0;12042.0;20.0;;;12032.0;0.0
0;32000;ASH_COATED_OSMIUM;9993.0;15.0;9990.0;20.0;;;10009.0;15.0;10011.0;20.0;;;10001.0;964.609375
0;32100;ASH_COATED_OSMIUM;9991.0;25.0;;;;;10009.0;12.0;10012.0;25.0;;;10000.0;956.84375
0;32100;INTARIAN_PEPPER_ROOT;12026.0;8.0;;;;;12039.0;8.0;;;;;12032.5;0.0
0;32200;INTARIAN_PEPPER_ROOT;12026.0;9.0;12023.0;24.0;;;12039.0;9.0;12042.0;24.0;;;12032.5;0.0
0;32200;ASH_COATED_OSMIUM;9999.0;2.0;9994.0;13.0;9991.0;24.0;10010.0;13.0;10012.0;24.0;;;10004.5;950.546875
0;32300;ASH_COATED_OSMIUM;9993.0;13.0;9991.0;30.0;;;10009.0;13.0;10012.0;30.0;;;10001.0;954.6875
0;32300;INTARIAN_PEPPER_ROOT;12026.0;9.0;12023.0;21.0;;;12042.0;21.0;;;;;12034.0;0.0
0;32400;INTARIAN_PEPPER_ROOT;;;;;;;12039.0;12.0;;;;;12039.0;0.0
0;32400;ASH_COATED_OSMIUM;9993.0;15.0;9991.0;29.0;;;10009.0;15.0;;;;;10001.0;961.65625
0;32500;ASH_COATED_OSMIUM;9993.0;15.0;9990.0;24.0;;;10002.0;3.0;10009.0;15.0;10011.0;24.0;9997.5;967.9375
0;32500;INTARIAN_PEPPER_ROOT;12023.0;17.0;;;;;12039.0;12.0;12042.0;17.0;;;12031.0;0.0
0;32600;INTARIAN_PEPPER_ROOT;12036.0;5.0;12026.0;10.0;;;12039.0;10.0;12042.0;20.0;;;12037.5;0.0
0;32600;ASH_COATED_OSMIUM;9990.0;26.0;;;;;10009.0;12.0;10011.0;26.0;;;9999.5;973.90625
0;32700;ASH_COATED_OSMIUM;;;;;;;10008.0;10.0;10011.0;30.0;;;10008.0;983.25
0;32700;INTARIAN_PEPPER_ROOT;12026.0;11.0;12023.0;23.0;;;12042.0;23.0;;;;;12034.0;0.0
0;32800;INTARIAN_PEPPER_ROOT;12026.0;10.0;12023.0;20.0;;;12039.0;10.0;12042.0;20.0;;;12032.5;0.0
0;32800;ASH_COATED_OSMIUM;9992.0;11.0;9990.0;29.0;;;10008.0;11.0;10011.0;29.0;;;10000.0;989.359375
0;32900;ASH_COATED_OSMIUM;9990.0;20.0;;;;;10008.0;10.0;;;;;9999.0;984.546875
0;32900;INTARIAN_PEPPER_ROOT;12023.0;19.0;;;;;12039.0;11.0;12042.0;19.0;;;12031.0;0.0
0;33000;INTARIAN_PEPPER_ROOT;12026.0;10.0;;;;;12043.0;19.0;;;;;12034.5;0.0
0;33000;ASH_COATED_OSMIUM;9992.0;13.0;9990.0;28.0;;;10008.0;13.0;10011.0;28.0;;;10000.0;983.953125
0;33100;ASH_COATED_OSMIUM;9990.0;25.0;;;;;10008.0;13.0;;;;;9999.0;984.34375
0;33100;INTARIAN_PEPPER_ROOT;12027.0;11.0;12024.0;24.0;;;12040.0;11.0;12043.0;24.0;;;12033.5;0.0
0;33200;INTARIAN_PEPPER_ROOT;12027.0;11.0;12024.0;19.0;;;12040.0;11.0;12043.0;19.0;;;12033.5;0.0
0;33200;ASH_COATED_OSMIUM;9992.0;15.0;9990.0;23.0;;;10008.0;15.0;10011.0;23.0;;;10000.0;989.140625
0;33300;INTARIAN_PEPPER_ROOT;12027.0;10.0;12024.0;15.0;;;12040.0;10.0;;;;;12033.5;0.0
0;33300;ASH_COATED_OSMIUM;9992.0;10.0;9990.0;30.0;;;10008.0;10.0;;;;;10000.0;977.359375
0;33400;INTARIAN_PEPPER_ROOT;12027.0;9.0;12024.0;19.0;;;12040.0;9.0;12043.0;19.0;;;12033.5;0.0
0;33400;ASH_COATED_OSMIUM;9993.0;13.0;9990.0;20.0;;;10009.0;13.0;10011.0;20.0;;;10001.0;975.25
0;33500;INTARIAN_PEPPER_ROOT;12027.0;10.0;12024.0;24.0;;;12040.0;10.0;;;;;12033.5;0.0
0;33500;ASH_COATED_OSMIUM;9990.0;21.0;;;;;10011.0;21.0;;;;;10000.5;972.765625
0;33600;ASH_COATED_OSMIUM;9999.0;3.0;9993.0;13.0;9991.0;27.0;10009.0;13.0;;;;;10004.0;963.03125
0;33600;INTARIAN_PEPPER_ROOT;12027.0;11.0;12024.0;22.0;;;12040.0;11.0;12043.0;22.0;;;12033.5;0.0
0;33700;ASH_COATED_OSMIUM;9991.0;25.0;;;;;10009.0;13.0;;;;;10000.0;953.609375
0;33700;INTARIAN_PEPPER_ROOT;12027.0;8.0;12024.0;16.0;;;12040.0;8.0;12043.0;16.0;;;12033.5;0.0
0;33800;ASH_COATED_OSMIUM;9991.0;21.0;;;;;;;;;;;9991.0;944.015625
0;33800;INTARIAN_PEPPER_ROOT;12027.0;11.0;12024.0;25.0;;;12040.0;11.0;;;;;12033.5;0.0
0;33900;ASH_COATED_OSMIUM;9994.0;12.0;;;;;10010.0;12.0;;;;;10002.0;931.09375
0;33900;INTARIAN_PEPPER_ROOT;12027.0;8.0;;;;;;;;;;;12027.0;0.0
0;34000;ASH_COATED_OSMIUM;9994.0;13.0;9991.0;28.0;;;10010.0;13.0;10012.0;28.0;;;10002.0;943.859375
0;34000;INTARIAN_PEPPER_ROOT;12027.0;10.0;12024.0;25.0;;;12044.0;25.0;;;;;12035.5;0.0
0;34100;ASH_COATED_OSMIUM;9994.0;12.0;9991.0;25.0;;;10010.0;12.0;;;;;10002.0;947.375
0;34100;INTARIAN_PEPPER_ROOT;12028.0;10.0;12025.0;15.0;;;12044.0;15.0;;;;;12036.0;0.0
0;34200;ASH_COATED_OSMIUM;9993.0;15.0;9990.0;30.0;;;10009.0;15.0;10011.0;30.0;;;10001.0;967.375
0;34200;INTARIAN_PEPPER_ROOT;12025.0;25.0;;;;;12041.0;12.0;12044.0;25.0;;;12033.0;0.0
0;34300;INTARIAN_PEPPER_ROOT;12028.0;10.0;12025.0;15.0;;;;;;;;;12028.0;0.0
0;34300;ASH_COATED_OSMIUM;9993.0;15.0;9990.0;28.0;;;;;;;;;9993.0;975.28125
0;34400;INTARIAN_PEPPER_ROOT;12028.0;10.0;12025.0;21.0;;;12041.0;10.0;12044.0;21.0;;;12034.5;0.0
0;34400;ASH_COATED_OSMIUM;9990.0;28.0;;;;;10009.0;12.0;10011.0;28.0;;;9999.5;969.734375
0;34500;INTARIAN_PEPPER_ROOT;12028.0;8.0;;;;;12041.0;8.0;12044.0;22.0;;;12034.5;0.0
0;34500;ASH_COATED_OSMIUM;9993.0;12.0;9991.0;22.0;;;10009.0;12.0;;;;;10001.0;963.015625
0;34600;INTARIAN_PEPPER_ROOT;12025.0;19.0;;;;;12041.0;12.0;12044.0;19.0;;;12033.0;0.0
0;34600;ASH_COATED_OSMIUM;9991.0;24.0;;;;;10009.0;10.0;10012.0;24.0;;;10000.0;958.875
0;34700;ASH_COATED_OSMIUM;9993.0;14.0;9990.0;23.0;;;10009.0;14.0;;;;;10001.0;966.8125
0;34700;INTARIAN_PEPPER_ROOT;12028.0;8.0;;;;;12041.0;8.0;12044.0;20.0;;;12034.5;0.0
0;34800;ASH_COATED_OSMIUM;9993.0;11.0;9991.0;22.0;;;10009.0;11.0;10012.0;22.0;;;10001.0;961.0625
0;34800;INTARIAN_PEPPER_ROOT;12025.0;21.0;;;;;12041.0;10.0;12044.0;21.0;;;12033.0;0.0
0;34900;INTARIAN_PEPPER_ROOT;12028.0;12.0;12025.0;15.0;;;12041.0;12.0;;;;;12034.5;0.0
0;34900;ASH_COATED_OSMIUM;9993.0;15.0;;;;;10009.0;15.0;;;;;10001.0;962.734375
0;35000;INTARIAN_PEPPER_ROOT;12025.0;21.0;;;;;;;;;;;12025.0;0.0
0;35000;ASH_COATED_OSMIUM;9993.0;10.0;9990.0;29.0;;;10009.0;10.0;10011.0;29.0;;;10001.0;965.390625
0;35100;ASH_COATED_OSMIUM;9993.0;13.0;9991.0;21.0;;;10009.0;13.0;10012.0;21.0;;;10001.0;957.40625
0;35100;INTARIAN_PEPPER_ROOT;12029.0;10.0;12026.0;18.0;;;12042.0;10.0;12045.0;18.0;;;12035.5;0.0
0;35200;ASH_COATED_OSMIUM;9993.0;15.0;9991.0;24.0;;;10009.0;15.0;10012.0;24.0;;;10001.0;957.265625
0;35200;INTARIAN_PEPPER_ROOT;12029.0;11.0;12026.0;24.0;;;12042.0;11.0;12045.0;24.0;;;12035.5;0.0
0;35300;INTARIAN_PEPPER_ROOT;;;;;;;12042.0;9.0;12045.0;16.0;;;12042.0;0.0
0;35300;ASH_COATED_OSMIUM;9993.0;14.0;9991.0;22.0;;;10009.0;14.0;10012.0;22.0;;;10001.0;955.75
0;35400;INTARIAN_PEPPER_ROOT;12029.0;8.0;;;;;12042.0;8.0;;;;;12035.5;0.0
0;35400;ASH_COATED_OSMIUM;9994.0;10.0;9991.0;25.0;;;10012.0;25.0;;;;;10003.0;947.3125
0;35500;ASH_COATED_OSMIUM;9993.0;11.0;9991.0;27.0;;;10012.0;27.0;;;;;10002.5;954.890625
0;35500;INTARIAN_PEPPER_ROOT;12029.0;11.0;12026.0;19.0;;;12042.0;11.0;12045.0;19.0;;;12035.5;0.0
0;35600;ASH_COATED_OSMIUM;;;;;;;;;;;;;0.0;955.515625
0;35600;INTARIAN_PEPPER_ROOT;12029.0;8.0;;;;;12045.0;19.0;;;;;12037.0;0.0
0;35700;INTARIAN_PEPPER_ROOT;;;;;;;12042.0;11.0;12045.0;17.0;;;12042.0;0.0
0;35700;ASH_COATED_OSMIUM;9993.0;14.0;9991.0;29.0;;;10009.0;14.0;10012.0;29.0;;;10001.0;951.78125
0;35800;INTARIAN_PEPPER_ROOT;12026.0;23.0;;;;;12042.0;10.0;12045.0;23.0;;;12034.0;0.0
0;35800;ASH_COATED_OSMIUM;9993.0;14.0;9991.0;21.0;;;10009.0;14.0;10012.0;21.0;;;10001.0;957.5
0;35900;ASH_COATED_OSMIUM;9993.0;10.0;9991.0;28.0;;;10009.0;10.0;;;;;10001.0;959.625
0;35900;INTARIAN_PEPPER_ROOT;12029.0;10.0;;;;;12042.0;10.0;;;;;12035.5;0.0
0;36000;ASH_COATED_OSMIUM;9993.0;12.0;9991.0;30.0;;;10009.0;12.0;10012.0;30.0;;;10001.0;960.03125
0;36000;INTARIAN_PEPPER_ROOT;12026.0;24.0;;;;;12046.0;24.0;;;;;12036.0;0.0
0;36100;INTARIAN_PEPPER_ROOT;12030.0;9.0;;;;;12046.0;16.0;;;;;12038.0;0.0
0;36100;ASH_COATED_OSMIUM;9993.0;14.0;9991.0;21.0;;;10009.0;14.0;;;;;10001.0;956.78125
0;36200;INTARIAN_PEPPER_ROOT;12030.0;11.0;12027.0;16.0;;;12043.0;11.0;;;;;12036.5;0.0
0;36200;ASH_COATED_OSMIUM;9993.0;12.0;;;;;10009.0;12.0;10012.0;29.0;;;10001.0;957.015625
0;36300;ASH_COATED_OSMIUM;9992.0;13.0;9990.0;30.0;;;10002.0;5.0;10011.0;30.0;;;9997.0;999.578125
0;36300;INTARIAN_PEPPER_ROOT;12030.0;12.0;12027.0;21.0;;;12043.0;12.0;12046.0;21.0;;;12036.5;0.0
0;36400;ASH_COATED_OSMIUM;9992.0;12.0;9990.0;28.0;;;10002.0;5.0;10008.0;12.0;10011.0;28.0;9997.0;1005.234375
0;36400;INTARIAN_PEPPER_ROOT;12030.0;8.0;12027.0;23.0;;;12046.0;23.0;;;;;12038.0;0.0
0;36500;INTARIAN_PEPPER_ROOT;12030.0;9.0;12027.0;16.0;;;12046.0;16.0;;;;;12038.0;0.0
0;36500;ASH_COATED_OSMIUM;9992.0;14.0;9989.0;27.0;;;10008.0;14.0;10010.0;27.0;;;10000.0;1015.078125
0;36600;INTARIAN_PEPPER_ROOT;12027.0;20.0;;;;;12046.0;20.0;;;;;12036.5;0.0
0;36600;ASH_COATED_OSMIUM;9989.0;30.0;;;;;10008.0;11.0;10010.0;30.0;;;9998.5;1015.84375
0;36700;ASH_COATED_OSMIUM;9992.0;11.0;;;;;10010.0;21.0;;;;;10001.0;1012.53125
0;36700;INTARIAN_PEPPER_ROOT;12030.0;8.0;12027.0;18.0;;;12043.0;8.0;12046.0;18.0;;;12036.5;0.0
0;36800;ASH_COATED_OSMIUM;9992.0;13.0;9989.0;23.0;;;10008.0;13.0;10010.0;23.0;;;10000.0;1018.015625
0;36800;INTARIAN_PEPPER_ROOT;12030.0;9.0;12027.0;18.0;;;12043.0;9.0;12046.0;18.0;;;12036.5;0.0
0;36900;INTARIAN_PEPPER_ROOT;12030.0;11.0;12027.0;15.0;;;12046.0;15.0;;;;;12038.0;0.0
0;36900;ASH_COATED_OSMIUM;9989.0;22.0;;;;;10008.0;11.0;10010.0;22.0;;;9998.5;1008.0625
0;37000;INTARIAN_PEPPER_ROOT;12030.0;11.0;12027.0;24.0;;;12044.0;11.0;12047.0;24.0;;;12037.0;0.0
0;37000;ASH_COATED_OSMIUM;9990.0;20.0;;;;;10008.0;12.0;10011.0;20.0;;;9999.0;1029.75
0;37100;ASH_COATED_OSMIUM;9992.0;15.0;9990.0;24.0;;;10011.0;24.0;;;;;10001.5;1031.53125
0;37100;INTARIAN_PEPPER_ROOT;12031.0;12.0;12028.0;24.0;;;12044.0;12.0;12047.0;24.0;;;12037.5;0.0
0;37200;ASH_COATED_OSMIUM;9989.0;27.0;;;;;10010.0;27.0;;;;;9999.5;1042.625
0;37200;INTARIAN_PEPPER_ROOT;12031.0;8.0;12028.0;21.0;;;12047.0;21.0;;;;;12039.0;0.0
0;37300;INTARIAN_PEPPER_ROOT;12028.0;19.0;;;;;12044.0;8.0;12047.0;19.0;;;12036.0;0.0
0;37300;ASH_COATED_OSMIUM;9992.0;11.0;9989.0;22.0;;;10008.0;11.0;10010.0;22.0;;;10000.0;1039.859375
0;37400;INTARIAN_PEPPER_ROOT;12031.0;10.0;12028.0;21.0;;;12044.0;10.0;12047.0;21.0;;;12037.5;0.0
0;37400;ASH_COATED_OSMIUM;9992.0;13.0;9990.0;22.0;;;10008.0;13.0;10011.0;22.0;;;10000.0;1036.75
0;37500;ASH_COATED_OSMIUM;9992.0;10.0;9990.0;30.0;;;10008.0;10.0;10011.0;30.0;;;10000.0;1032.15625
0;37500;INTARIAN_PEPPER_ROOT;12031.0;11.0;12028.0;20.0;;;12044.0;11.0;12047.0;20.0;;;12037.5;0.0
0;37600;ASH_COATED_OSMIUM;9992.0;11.0;9990.0;24.0;;;10011.0;24.0;;;;;10001.5;1030.53125
0;37600;INTARIAN_PEPPER_ROOT;12028.0;22.0;;;;;12044.0;8.0;12047.0;22.0;;;12036.0;0.0
0;37700;INTARIAN_PEPPER_ROOT;12031.0;8.0;12028.0;24.0;;;12044.0;8.0;12047.0;24.0;;;12037.5;0.0
0;37700;ASH_COATED_OSMIUM;9990.0;20.0;;;;;10009.0;11.0;10011.0;20.0;;;9999.5;1112.0
0;37800;INTARIAN_PEPPER_ROOT;12028.0;16.0;;;;;12044.0;9.0;12047.0;16.0;;;12036.0;0.0
0;37800;ASH_COATED_OSMIUM;9993.0;15.0;9991.0;23.0;;;10009.0;15.0;;;;;10001.0;1097.625
0;37900;INTARIAN_PEPPER_ROOT;12031.0;11.0;12028.0;24.0;;;12044.0;11.0;12047.0;24.0;;;12037.5;0.0
0;37900;ASH_COATED_OSMIUM;9992.0;11.0;9990.0;27.0;;;10008.0;11.0;10011.0;27.0;;;10000.0;1120.4375
0;38000;INTARIAN_PEPPER_ROOT;12031.0;12.0;12028.0;16.0;;;12048.0;16.0;;;;;12039.5;0.0
0;38000;ASH_COATED_OSMIUM;9993.0;13.0;9990.0;30.0;;;10009.0;13.0;;;;;10001.0;1111.96875
0;38100;ASH_COATED_OSMIUM;9993.0;13.0;9990.0;28.0;;;10009.0;13.0;;;;;10001.0;1107.78125
0;38100;INTARIAN_PEPPER_ROOT;12032.0;12.0;12029.0;23.0;;;12045.0;12.0;12048.0;23.0;;;12038.5;0.0
0;38200;ASH_COATED_OSMIUM;9993.0;12.0;9990.0;29.0;;;10009.0;12.0;10011.0;29.0;;;10001.0;1113.0625
0;38200;INTARIAN_PEPPER_ROOT;12032.0;9.0;;;;;12048.0;18.0;;;;;12040.0;0.0
0;38300;ASH_COATED_OSMIUM;9993.0;11.0;;;;;10009.0;11.0;10011.0;22.0;;;10001.0;1112.8125
0;38300;INTARIAN_PEPPER_ROOT;12029.0;24.0;;;;;12045.0;10.0;12048.0;24.0;;;12037.0;0.0
0;38400;ASH_COATED_OSMIUM;9993.0;11.0;9990.0;29.0;;;10009.0;11.0;10011.0;29.0;;;10001.0;1102.3125
0;38400;INTARIAN_PEPPER_ROOT;12032.0;8.0;;;;;12045.0;8.0;12048.0;15.0;;;12038.5;0.0
0;38500;ASH_COATED_OSMIUM;9993.0;12.0;9991.0;22.0;;;10009.0;12.0;10012.0;22.0;;;10001.0;1098.75
0;38500;INTARIAN_PEPPER_ROOT;12032.0;10.0;;;;;;;;;;;12032.0;0.0
0;38600;ASH_COATED_OSMIUM;9993.0;12.0;9990.0;29.0;;;10009.0;12.0;10011.0;29.0;;;10001.0;1172.125
0;38600;INTARIAN_PEPPER_ROOT;12032.0;12.0;;;;;12045.0;12.0;12048.0;23.0;;;12038.5;0.0
0;38700;ASH_COATED_OSMIUM;;;;;;;10011.0;20.0;;;;;10011.0;1188.78125
0;38700;INTARIAN_PEPPER_ROOT;12032.0;9.0;12029.0;25.0;;;12035.0;8.0;12048.0;25.0;;;12033.5;0.0
0;38800;INTARIAN_PEPPER_ROOT;12032.0;8.0;12029.0;23.0;;;12048.0;23.0;;;;;12040.0;0.0
0;38800;ASH_COATED_OSMIUM;9990.0;25.0;;;;;10009.0;12.0;10011.0;25.0;;;9999.5;1177.6875
0;38900;INTARIAN_PEPPER_ROOT;12032.0;8.0;12029.0;18.0;;;12045.0;8.0;12048.0;18.0;;;12038.5;0.0
0;38900;ASH_COATED_OSMIUM;9990.0;23.0;;;;;10008.0;14.0;10011.0;23.0;;;9999.0;1197.28125
0;39000;INTARIAN_PEPPER_ROOT;12032.0;9.0;12029.0;18.0;;;12046.0;9.0;12049.0;18.0;;;12039.0;0.0
0;39000;ASH_COATED_OSMIUM;9990.0;23.0;;;;;10008.0;14.0;;;;;9999.0;1189.4375
0;39100;INTARIAN_PEPPER_ROOT;12033.0;10.0;12030.0;15.0;;;12046.0;10.0;12049.0;15.0;;;12039.5;0.0
0;39100;ASH_COATED_OSMIUM;9993.0;15.0;9990.0;28.0;;;10009.0;15.0;10011.0;28.0;;;10001.0;1171.34375
0;39200;INTARIAN_PEPPER_ROOT;12033.0;9.0;12030.0;16.0;;;12046.0;9.0;12049.0;16.0;;;12039.5;0.0
0;39200;ASH_COATED_OSMIUM;9993.0;13.0;9990.0;21.0;;;10009.0;13.0;10011.0;21.0;;;10001.0;1167.125
0;39300;ASH_COATED_OSMIUM;10002.0;10.0;9993.0;10.0;9990.0;24.0;10009.0;10.0;;;;;10005.5;1169.75
0;39300;INTARIAN_PEPPER_ROOT;;;;;;;12049.0;23.0;;;;;12049.0;0.0
0;39400;INTARIAN_PEPPER_ROOT;12033.0;9.0;12030.0;20.0;;;12049.0;20.0;;;;;12041.0;0.0
0;39400;ASH_COATED_OSMIUM;9993.0;10.0;;;;;;;;;;;9993.0;1176.59375
0;39500;ASH_COATED_OSMIUM;9993.0;10.0;9991.0;29.0;;;10012.0;29.0;;;;;10002.5;1167.75
0;39500;INTARIAN_PEPPER_ROOT;12033.0;8.0;12030.0;24.0;;;12046.0;8.0;12049.0;24.0;;;12039.5;0.0
0;39600;INTARIAN_PEPPER_ROOT;12033.0;12.0;12030.0;16.0;;;12046.0;12.0;12049.0;16.0;;;12039.5;0.0
0;39600;ASH_COATED_OSMIUM;9993.0;15.0;9991.0;30.0;;;10009.0;15.0;10012.0;30.0;;;10001.0;1164.40625
0;39700;ASH_COATED_OSMIUM;9993.0;15.0;;;;;10009.0;15.0;10012.0;29.0;;;10001.0;1151.8125
0;39700;INTARIAN_PEPPER_ROOT;12033.0;10.0;;;;;12049.0;16.0;;;;;12041.0;0.0
0;39800;INTARIAN_PEPPER_ROOT;12033.0;10.0;12030.0;17.0;;;12036.0;4.0;12046.0;10.0;12049.0;17.0;12034.5;0.0
0;39800;ASH_COATED_OSMIUM;9994.0;10.0;9991.0;22.0;;;10010.0;10.0;10012.0;22.0;;;10002.0;1139.4375
0;39900;ASH_COATED_OSMIUM;9994.0;12.0;;;;;10010.0;12.0;;;;;10002.0;1141.8125
0;39900;INTARIAN_PEPPER_ROOT;12030.0;25.0;;;;;12046.0;9.0;12049.0;25.0;;;12038.0;0.0
0;40000;INTARIAN_PEPPER_ROOT;12033.0;10.0;12030.0;24.0;;;12047.0;10.0;;;;;12040.0;0.0
0;40000;ASH_COATED_OSMIUM;9993.0;15.0;9991.0;25.0;;;10009.0;15.0;;;;;10001.0;1151.84375
0;40100;ASH_COATED_OSMIUM;9994.0;10.0;9991.0;30.0;;;10010.0;10.0;10012.0;30.0;;;10002.0;1143.59375
0;40100;INTARIAN_PEPPER_ROOT;12034.0;10.0;12031.0;23.0;;;12050.0;23.0;;;;;12042.0;0.0
0;40200;INTARIAN_PEPPER_ROOT;12034.0;9.0;12031.0;18.0;;;;;;;;;12034.0;0.0
0;40200;ASH_COATED_OSMIUM;9994.0;12.0;9991.0;24.0;;;10010.0;12.0;10012.0;24.0;;;10002.0;1145.375
0;40300;ASH_COATED_OSMIUM;9994.0;10.0;9991.0;29.0;;;10010.0;10.0;10012.0;29.0;;;10002.0;1128.59375
0;40300;INTARIAN_PEPPER_ROOT;12034.0;11.0;12031.0;20.0;;;12047.0;11.0;12050.0;20.0;;;12040.5;0.0
0;40400;INTARIAN_PEPPER_ROOT;12034.0;9.0;;;;;12050.0;15.0;;;;;12042.0;0.0
0;40400;ASH_COATED_OSMIUM;9993.0;12.0;9991.0;23.0;;;10009.0;12.0;10012.0;23.0;;;10001.0;1160.65625
0;40500;ASH_COATED_OSMIUM;9993.0;14.0;9990.0;21.0;;;10009.0;14.0;10011.0;21.0;;;10001.0;1173.875
0;40500;INTARIAN_PEPPER_ROOT;12034.0;9.0;12031.0;19.0;;;;;;;;;12034.0;0.0
0;40600;INTARIAN_PEPPER_ROOT;12031.0;25.0;;;;;12043.0;12.0;12047.0;11.0;12050.0;25.0;12037.0;0.0
0;40600;ASH_COATED_OSMIUM;9993.0;15.0;9990.0;28.0;;;10009.0;15.0;;;;;10001.0;1178.65625
0;40700;ASH_COATED_OSMIUM;9993.0;10.0;;;;;10011.0;29.0;;;;;10002.0;1180.875
0;40700;INTARIAN_PEPPER_ROOT;12034.0;12.0;12031.0;22.0;;;12047.0;12.0;12050.0;22.0;;;12040.5;0.0
0;40800;INTARIAN_PEPPER_ROOT;12034.0;10.0;12031.0;22.0;;;12047.0;10.0;12050.0;22.0;;;12040.5;0.0
0;40800;ASH_COATED_OSMIUM;9993.0;12.0;9990.0;21.0;;;10009.0;12.0;10011.0;21.0;;;10001.0;1175.4375
0;40900;ASH_COATED_OSMIUM;9993.0;12.0;9990.0;25.0;;;10009.0;12.0;10011.0;25.0;;;10001.0;1190.25
0;40900;INTARIAN_PEPPER_ROOT;12034.0;9.0;12031.0;25.0;;;12047.0;9.0;12050.0;25.0;;;12040.5;0.0
0;41000;INTARIAN_PEPPER_ROOT;12034.0;12.0;12031.0;15.0;;;12048.0;12.0;12051.0;15.0;;;12041.0;0.0
0;41000;ASH_COATED_OSMIUM;9993.0;10.0;;;;;10009.0;10.0;10011.0;20.0;;;10001.0;1185.5625
0;41100;ASH_COATED_OSMIUM;9993.0;13.0;9990.0;23.0;;;10009.0;13.0;10011.0;23.0;;;10001.0;1189.53125
0;41100;INTARIAN_PEPPER_ROOT;12035.0;11.0;12032.0;17.0;;;12048.0;11.0;12051.0;17.0;;;12041.5;0.0
0;41200;INTARIAN_PEPPER_ROOT;12035.0;9.0;12032.0;21.0;;;;;;;;;12035.0;0.0
0;41200;ASH_COATED_OSMIUM;9992.0;12.0;;;;;10008.0;12.0;10011.0;20.0;;;10000.0;1202.4375
0;41300;ASH_COATED_OSMIUM;;;;;;;10008.0;14.0;10011.0;27.0;;;10008.0;1219.0
0;41300;INTARIAN_PEPPER_ROOT;12035.0;10.0;12032.0;17.0;;;12048.0;10.0;12051.0;17.0;;;12041.5;0.0
0;41400;INTARIAN_PEPPER_ROOT;12035.0;10.0;12032.0;20.0;;;12051.0;20.0;;;;;12043.0;0.0
0;41400;ASH_COATED_OSMIUM;9993.0;12.0;;;;;10009.0;12.0;10011.0;29.0;;;10001.0;1188.0625
0;41500;ASH_COATED_OSMIUM;9993.0;14.0;;;;;;;;;;;9993.0;1195.71875
0;41500;INTARIAN_PEPPER_ROOT;12035.0;10.0;;;;;12051.0;25.0;;;;;12043.0;0.0
0;41600;INTARIAN_PEPPER_ROOT;12035.0;8.0;12032.0;18.0;;;12051.0;18.0;;;;;12043.0;0.0
0;41600;ASH_COATED_OSMIUM;9992.0;14.0;9990.0;26.0;;;10011.0;26.0;;;;;10001.5;1200.5
0;41700;ASH_COATED_OSMIUM;9992.0;14.0;9990.0;23.0;;;10008.0;14.0;10011.0;23.0;;;10000.0;1217.09375
0;41700;INTARIAN_PEPPER_ROOT;12035.0;11.0;12032.0;18.0;;;12048.0;11.0;12051.0;18.0;;;12041.5;0.0
0;41800;INTARIAN_PEPPER_ROOT;12035.0;10.0;;;;;12048.0;10.0;12051.0;16.0;;;12041.5;0.0
0;41800;ASH_COATED_OSMIUM;9989.0;21.0;;;;;10008.0;11.0;;;;;9998.5;1284.875
0;41900;ASH_COATED_OSMIUM;9993.0;14.0;9990.0;28.0;;;10009.0;14.0;10011.0;28.0;;;10001.0;1247.8125
0;41900;INTARIAN_PEPPER_ROOT;12035.0;9.0;;;;;12048.0;9.0;12051.0;18.0;;;12041.5;0.0
0;42000;INTARIAN_PEPPER_ROOT;12035.0;12.0;12032.0;24.0;;;;;;;;;12035.0;0.0
0;42000;ASH_COATED_OSMIUM;9993.0;15.0;9990.0;27.0;;;10009.0;15.0;10011.0;27.0;;;10001.0;1227.125
0;42100;INTARIAN_PEPPER_ROOT;12036.0;9.0;12033.0;18.0;;;12049.0;9.0;;;;;12042.5;0.0
0;42100;ASH_COATED_OSMIUM;9993.0;15.0;9990.0;22.0;;;10009.0;15.0;10011.0;22.0;;;10001.0;1238.5625
0;42200;INTARIAN_PEPPER_ROOT;12033.0;24.0;;;;;12049.0;10.0;12052.0;24.0;;;12041.0;0.0
0;42200;ASH_COATED_OSMIUM;9990.0;22.0;;;;;10011.0;22.0;;;;;10000.5;1255.25
0;42300;INTARIAN_PEPPER_ROOT;12036.0;10.0;;;;;12049.0;10.0;12052.0;19.0;;;12042.5;0.0
0;42300;ASH_COATED_OSMIUM;9993.0;10.0;9990.0;20.0;;;10009.0;10.0;;;;;10001.0;1243.5625
0;42400;INTARIAN_PEPPER_ROOT;12036.0;11.0;12033.0;21.0;;;;;;;;;12036.0;0.0
0;42400;ASH_COATED_OSMIUM;9993.0;11.0;9990.0;26.0;;;10002.0;4.0;10009.0;11.0;;;9997.5;1221.4375
0;42500;ASH_COATED_OSMIUM;9993.0;10.0;9991.0;24.0;;;10009.0;10.0;10012.0;24.0;;;10001.0;1218.25
0;42500;INTARIAN_PEPPER_ROOT;12036.0;10.0;12033.0;23.0;;;12049.0;10.0;;;;;12042.5;0.0
0;42600;ASH_COATED_OSMIUM;9993.0;12.0;9991.0;28.0;;;10009.0;12.0;10012.0;28.0;;;10001.0;1196.125
0;42600;INTARIAN_PEPPER_ROOT;12036.0;10.0;12033.0;19.0;;;12049.0;10.0;;;;;12042.5;0.0
0;42700;ASH_COATED_OSMIUM;9994.0;12.0;;;;;10010.0;12.0;10012.0;23.0;;;10002.0;1184.75
0;42700;INTARIAN_PEPPER_ROOT;12036.0;9.0;12033.0;19.0;;;12049.0;9.0;;;;;12042.5;0.0
0;42800;ASH_COATED_OSMIUM;9994.0;14.0;;;;;10010.0;14.0;10012.0;29.0;;;10002.0;1182.9375
0;42800;INTARIAN_PEPPER_ROOT;12033.0;15.0;;;;;12052.0;15.0;;;;;12042.5;0.0
0;42900;ASH_COATED_OSMIUM;9993.0;13.0;9991.0;20.0;;;10009.0;13.0;10012.0;20.0;;;10001.0;1203.6875
0;42900;INTARIAN_PEPPER_ROOT;12036.0;10.0;12033.0;22.0;;;12052.0;22.0;;;;;12044.0;0.0
0;43000;ASH_COATED_OSMIUM;9993.0;10.0;;;;;10009.0;10.0;10012.0;26.0;;;10001.0;1214.125
0;43000;INTARIAN_PEPPER_ROOT;12036.0;10.0;12033.0;24.0;;;12050.0;10.0;12053.0;24.0;;;12043.0;0.0
0;43100;ASH_COATED_OSMIUM;9993.0;11.0;9991.0;24.0;;;10012.0;24.0;;;;;10002.5;1211.9375
0;43100;INTARIAN_PEPPER_ROOT;12037.0;12.0;12034.0;21.0;;;12053.0;21.0;;;;;12045.0;0.0
0;43200;INTARIAN_PEPPER_ROOT;12037.0;10.0;12034.0;25.0;;;12050.0;10.0;12053.0;25.0;;;12043.5;0.0
0;43200;ASH_COATED_OSMIUM;9993.0;13.0;9991.0;29.0;;;10009.0;13.0;10012.0;29.0;;;10001.0;1228.9375
0;43300;INTARIAN_PEPPER_ROOT;12037.0;12.0;;;;;12053.0;16.0;;;;;12045.0;0.0
0;43300;ASH_COATED_OSMIUM;9993.0;15.0;;;;;10009.0;15.0;10011.0;20.0;;;10001.0;1238.1875
0;43400;INTARIAN_PEPPER_ROOT;12037.0;8.0;12034.0;16.0;;;12053.0;16.0;;;;;12045.0;0.0
0;43400;ASH_COATED_OSMIUM;9993.0;11.0;9991.0;22.0;;;10009.0;11.0;;;;;10001.0;1260.4375
0;43500;INTARIAN_PEPPER_ROOT;12037.0;11.0;12034.0;16.0;;;12050.0;11.0;12053.0;16.0;;;12043.5;0.0
0;43500;ASH_COATED_OSMIUM;9993.0;15.0;9991.0;24.0;;;10009.0;15.0;10012.0;24.0;;;10001.0;1248.1875
0;43600;INTARIAN_PEPPER_ROOT;12037.0;9.0;12034.0;25.0;;;12039.0;4.0;12053.0;25.0;;;12038.0;0.0
0;43600;ASH_COATED_OSMIUM;9993.0;14.0;9990.0;22.0;;;10009.0;14.0;10011.0;22.0;;;10001.0;1289.875
0;43700;ASH_COATED_OSMIUM;9990.0;29.0;;;;;10011.0;29.0;;;;;10000.5;1291.9375
0;43700;INTARIAN_PEPPER_ROOT;12037.0;10.0;12034.0;17.0;;;12050.0;10.0;;;;;12043.5;0.0
0;43800;ASH_COATED_OSMIUM;9993.0;12.0;;;;;10009.0;12.0;;;;;10001.0;1276.75
0;43800;INTARIAN_PEPPER_ROOT;12037.0;11.0;;;;;12050.0;11.0;12053.0;22.0;;;12043.5;0.0
0;43900;INTARIAN_PEPPER_ROOT;12037.0;11.0;;;;;12050.0;11.0;;;;;12043.5;0.0
0;43900;ASH_COATED_OSMIUM;9993.0;12.0;9991.0;24.0;;;10009.0;12.0;10012.0;24.0;;;10001.0;1262.625
0;44000;INTARIAN_PEPPER_ROOT;12037.0;9.0;12034.0;22.0;;;12051.0;9.0;12054.0;22.0;;;12044.0;0.0
0;44000;ASH_COATED_OSMIUM;;;;;;;10009.0;15.0;;;;;10009.0;1281.0
0;44100;ASH_COATED_OSMIUM;9990.0;22.0;;;;;10009.0;14.0;;;;;9999.5;1284.0
0;44100;INTARIAN_PEPPER_ROOT;12038.0;8.0;12035.0;22.0;;;12054.0;22.0;;;;;12046.0;0.0
0;44200;ASH_COATED_OSMIUM;9993.0;11.0;;;;;10009.0;11.0;;;;;10001.0;1279.5
0;44200;INTARIAN_PEPPER_ROOT;12038.0;11.0;12035.0;23.0;;;12051.0;11.0;12054.0;23.0;;;12044.5;0.0
0;44300;INTARIAN_PEPPER_ROOT;12038.0;11.0;12035.0;25.0;;;12051.0;11.0;;;;;12044.5;0.0
0;44300;ASH_COATED_OSMIUM;9993.0;14.0;9991.0;24.0;;;10009.0;14.0;10012.0;24.0;;;10001.0;1269.9375
0;44400;INTARIAN_PEPPER_ROOT;12035.0;25.0;;;;;12051.0;8.0;12054.0;25.0;;;12043.0;0.0
0;44400;ASH_COATED_OSMIUM;9993.0;12.0;9991.0;25.0;;;10009.0;12.0;;;;;10001.0;1247.6875
0;44500;ASH_COATED_OSMIUM;;;;;;;10010.0;12.0;10012.0;30.0;;;10010.0;1239.3125
0;44500;INTARIAN_PEPPER_ROOT;12038.0;10.0;;;;;12051.0;10.0;12054.0;21.0;;;12044.5;0.0
0;44600;ASH_COATED_OSMIUM;9993.0;11.0;9991.0;21.0;;;10009.0;11.0;;;;;10001.0;1250.4375
0;44600;INTARIAN_PEPPER_ROOT;12038.0;11.0;12035.0;23.0;;;12051.0;11.0;;;;;12044.5;0.0
0;44700;INTARIAN_PEPPER_ROOT;;;;;;;12051.0;12.0;;;;;12051.0;0.0
0;44700;ASH_COATED_OSMIUM;9993.0;11.0;9991.0;25.0;;;10009.0;11.0;10012.0;25.0;;;10001.0;1254.75
0;44800;INTARIAN_PEPPER_ROOT;12038.0;12.0;;;;;12051.0;12.0;12054.0;19.0;;;12044.5;0.0
0;44800;ASH_COATED_OSMIUM;9993.0;14.0;9991.0;25.0;;;9999.0;4.0;10012.0;25.0;;;9996.0;1280.625
0;44900;ASH_COATED_OSMIUM;9993.0;15.0;9990.0;21.0;;;10009.0;15.0;10011.0;21.0;;;10001.0;1302.25
0;44900;INTARIAN_PEPPER_ROOT;12038.0;11.0;;;;;12051.0;11.0;12054.0;15.0;;;12044.5;0.0
0;45000;ASH_COATED_OSMIUM;9992.0;13.0;;;;;10011.0;27.0;;;;;10001.5;1334.25
0;45000;INTARIAN_PEPPER_ROOT;12038.0;8.0;12035.0;19.0;;;12055.0;19.0;;;;;12046.5;0.0
0;45100;INTARIAN_PEPPER_ROOT;12039.0;11.0;12036.0;22.0;;;;;;;;;12039.0;0.0
0;45100;ASH_COATED_OSMIUM;9992.0;10.0;9990.0;27.0;;;10008.0;10.0;10011.0;27.0;;;10000.0;1338.3125
0;45200;INTARIAN_PEPPER_ROOT;12039.0;12.0;12036.0;23.0;;;12052.0;12.0;;;;;12045.5;0.0
0;45200;ASH_COATED_OSMIUM;9992.0;14.0;9990.0;20.0;;;10011.0;20.0;;;;;10001.5;1336.3125
0;45300;ASH_COATED_OSMIUM;9992.0;14.0;9990.0;23.0;;;9998.0;6.0;10002.0;3.0;10008.0;14.0;9995.0;1332.25
0;45300;INTARIAN_PEPPER_ROOT;12039.0;10.0;12036.0;25.0;;;12052.0;10.0;12055.0;25.0;;;12045.5;0.0
0;45400;ASH_COATED_OSMIUM;9990.0;25.0;;;;;10011.0;25.0;;;;;10000.5;1341.78125
0;45400;INTARIAN_PEPPER_ROOT;12039.0;11.0;12036.0;16.0;;;12052.0;11.0;12055.0;16.0;;;12045.5;0.0
0;45500;INTARIAN_PEPPER_ROOT;12039.0;12.0;12036.0;25.0;;;12052.0;12.0;12055.0;25.0;;;12045.5;0.0
0;45500;ASH_COATED_OSMIUM;9992.0;10.0;9990.0;20.0;;;10008.0;10.0;10011.0;20.0;;;10000.0;1352.3125
0;45600;INTARIAN_PEPPER_ROOT;12036.0;23.0;;;;;12052.0;9.0;12055.0;23.0;;;12044.0;0.0
0;45600;ASH_COATED_OSMIUM;9989.0;23.0;;;;;10008.0;15.0;10010.0;23.0;;;9998.5;1368.5625
0;45700;ASH_COATED_OSMIUM;9992.0;12.0;;;;;10011.0;21.0;;;;;10001.5;1358.65625
0;45700;INTARIAN_PEPPER_ROOT;12039.0;9.0;12036.0;25.0;;;12052.0;9.0;;;;;12045.5;0.0
0;45800;ASH_COATED_OSMIUM;9991.0;10.0;9989.0;30.0;;;10007.0;10.0;;;;;9999.0;1396.6875
0;45800;INTARIAN_PEPPER_ROOT;12039.0;10.0;12036.0;22.0;;;12052.0;10.0;12055.0;22.0;;;12045.5;0.0
0;45900;INTARIAN_PEPPER_ROOT;12039.0;9.0;12036.0;23.0;;;12052.0;9.0;12055.0;23.0;;;12045.5;0.0
0;45900;ASH_COATED_OSMIUM;9992.0;15.0;9989.0;25.0;;;10008.0;15.0;10010.0;25.0;;;10000.0;1384.875
0;46000;INTARIAN_PEPPER_ROOT;12039.0;9.0;12036.0;22.0;;;12056.0;22.0;;;;;12047.5;0.0
0;46000;ASH_COATED_OSMIUM;9991.0;13.0;9989.0;23.0;;;10001.0;4.0;10010.0;23.0;;;9996.0;1398.78125
0;46100;ASH_COATED_OSMIUM;9989.0;25.0;;;;;10007.0;12.0;10010.0;25.0;;;9998.0;1383.8125
0;46100;INTARIAN_PEPPER_ROOT;12040.0;12.0;12037.0;23.0;;;12056.0;23.0;;;;;12048.0;0.0
0;46200;ASH_COATED_OSMIUM;9992.0;10.0;9989.0;24.0;;;10008.0;10.0;10010.0;24.0;;;10000.0;1369.53125
0;46200;INTARIAN_PEPPER_ROOT;12040.0;10.0;12037.0;15.0;;;12056.0;15.0;;;;;12048.0;0.0
0;46300;INTARIAN_PEPPER_ROOT;12040.0;10.0;12037.0;21.0;;;12056.0;21.0;;;;;12048.0;0.0
0;46300;ASH_COATED_OSMIUM;9989.0;26.0;;;;;10008.0;12.0;10010.0;26.0;;;9998.5;1365.0
0;46400;INTARIAN_PEPPER_ROOT;;;;;;;12053.0;11.0;12056.0;20.0;;;12053.0;0.0
0;46400;ASH_COATED_OSMIUM;9992.0;11.0;9989.0;24.0;;;10008.0;11.0;;;;;10000.0;1362.96875
0;46500;ASH_COATED_OSMIUM;9992.0;13.0;9989.0;29.0;;;10008.0;13.0;10010.0;29.0;;;10000.0;1369.625
0;46500;INTARIAN_PEPPER_ROOT;12040.0;10.0;12037.0;22.0;;;12053.0;10.0;12056.0;22.0;;;12046.5;0.0
0;46600;INTARIAN_PEPPER_ROOT;12040.0;11.0;12037.0;17.0;;;12053.0;11.0;12056.0;17.0;;;12046.5;0.0
0;46600;ASH_COATED_OSMIUM;9991.0;11.0;9989.0;28.0;;;10010.0;28.0;;;;;10000.5;1387.125
0;46700;INTARIAN_PEPPER_ROOT;12040.0;10.0;12037.0;20.0;;;12053.0;10.0;12056.0;20.0;;;12046.5;0.0
0;46700;ASH_COATED_OSMIUM;9989.0;29.0;;;;;10007.0;14.0;10010.0;29.0;;;9998.0;1402.875
0;46800;INTARIAN_PEPPER_ROOT;12040.0;10.0;12037.0;21.0;;;12053.0;10.0;12056.0;21.0;;;12046.5;0.0
0;46800;ASH_COATED_OSMIUM;9988.0;25.0;;;;;10007.0;13.0;10009.0;25.0;;;9997.5;1417.53125
0;46900;ASH_COATED_OSMIUM;9991.0;11.0;9989.0;29.0;;;10007.0;11.0;10010.0;29.0;;;9999.0;1400.65625
0;46900;INTARIAN_PEPPER_ROOT;12044.0;9.0;12040.0;12.0;12037.0;19.0;12056.0;19.0;;;;;12050.0;0.0
0;47000;ASH_COATED_OSMIUM;9991.0;14.0;9989.0;22.0;;;10007.0;14.0;;;;;9999.0;1402.125
0;47000;INTARIAN_PEPPER_ROOT;12040.0;8.0;12037.0;17.0;;;12054.0;8.0;12057.0;17.0;;;12047.0;0.0
0;47100;ASH_COATED_OSMIUM;9992.0;15.0;9989.0;22.0;;;10008.0;15.0;10010.0;22.0;;;10000.0;1373.75
0;47100;INTARIAN_PEPPER_ROOT;12041.0;11.0;12038.0;24.0;;;12054.0;11.0;12057.0;24.0;;;12047.5;0.0
0;47200;ASH_COATED_OSMIUM;9991.0;15.0;9989.0;21.0;;;10001.0;2.0;10007.0;15.0;10010.0;21.0;9996.0;1402.25
0;47200;INTARIAN_PEPPER_ROOT;12038.0;16.0;;;;;12054.0;9.0;;;;;12046.0;0.0
0;47300;ASH_COATED_OSMIUM;9991.0;10.0;9988.0;21.0;;;10007.0;10.0;;;;;9999.0;1403.4375
0;47300;INTARIAN_PEPPER_ROOT;12041.0;12.0;12038.0;18.0;;;12054.0;12.0;;;;;12047.5;0.0
0;47400;ASH_COATED_OSMIUM;9988.0;22.0;;;;;10007.0;11.0;10009.0;22.0;;;9997.5;1409.0625
0;47400;INTARIAN_PEPPER_ROOT;12041.0;9.0;12038.0;25.0;;;;;;;;;12041.0;0.0
0;47500;ASH_COATED_OSMIUM;9987.0;21.0;;;;;10006.0;12.0;;;;;9996.5;1443.9375
0;47500;INTARIAN_PEPPER_ROOT;12041.0;12.0;12038.0;25.0;;;12054.0;12.0;12057.0;25.0;;;12047.5;0.0
0;47600;ASH_COATED_OSMIUM;9990.0;11.0;9988.0;21.0;;;10009.0;21.0;;;;;9999.5;1439.0
0;47600;INTARIAN_PEPPER_ROOT;12041.0;12.0;;;;;12054.0;12.0;;;;;12047.5;0.0
0;47700;INTARIAN_PEPPER_ROOT;12041.0;11.0;12038.0;23.0;;;12044.0;4.0;12054.0;11.0;;;12042.5;0.0
0;47700;ASH_COATED_OSMIUM;9990.0;11.0;9988.0;23.0;;;10000.0;5.0;10006.0;11.0;;;9995.0;1435.28125
0;47800;INTARIAN_PEPPER_ROOT;12041.0;11.0;12038.0;20.0;;;12054.0;11.0;12057.0;20.0;;;12047.5;0.0
0;47800;ASH_COATED_OSMIUM;9990.0;10.0;9988.0;20.0;;;10006.0;10.0;;;;;9998.0;1422.84375
0;47900;INTARIAN_PEPPER_ROOT;12041.0;12.0;;;;;12054.0;12.0;12057.0;17.0;;;12047.5;0.0
0;47900;ASH_COATED_OSMIUM;9988.0;23.0;;;;;10009.0;23.0;;;;;9998.5;1415.09375
0;48000;INTARIAN_PEPPER_ROOT;12041.0;10.0;12038.0;18.0;;;12055.0;10.0;12058.0;18.0;;;12048.0;0.0
0;48000;ASH_COATED_OSMIUM;9990.0;14.0;9988.0;26.0;;;10006.0;14.0;10009.0;26.0;;;9998.0;1417.0625
0;48100;ASH_COATED_OSMIUM;9990.0;11.0;9988.0;29.0;;;10006.0;11.0;10009.0;29.0;;;9998.0;1417.25
0;48100;INTARIAN_PEPPER_ROOT;12042.0;10.0;12039.0;24.0;;;12058.0;24.0;;;;;12050.0;0.0
0;48200;INTARIAN_PEPPER_ROOT;12042.0;9.0;12039.0;20.0;;;12055.0;9.0;12058.0;20.0;;;12048.5;0.0
0;48200;ASH_COATED_OSMIUM;9990.0;15.0;9988.0;26.0;;;10006.0;15.0;10009.0;26.0;;;9998.0;1417.5625
0;48300;ASH_COATED_OSMIUM;9988.0;20.0;;;;;10006.0;15.0;10009.0;20.0;;;9997.0;1432.03125
0;48300;INTARIAN_PEPPER_ROOT;12042.0;10.0;;;;;12055.0;10.0;12058.0;23.0;;;12048.5;0.0
0;48400;INTARIAN_PEPPER_ROOT;12042.0;9.0;;;;;12055.0;9.0;12058.0;20.0;;;12048.5;0.0
0;48400;ASH_COATED_OSMIUM;9990.0;11.0;9988.0;30.0;;;10009.0;30.0;;;;;9999.5;1443.84375
0;48500;ASH_COATED_OSMIUM;9990.0;14.0;9988.0;29.0;;;10006.0;14.0;10009.0;29.0;;;9998.0;1490.6875
0;48500;INTARIAN_PEPPER_ROOT;12042.0;10.0;;;;;12058.0;24.0;;;;;12050.0;0.0
0;48600;INTARIAN_PEPPER_ROOT;12042.0;10.0;;;;;12055.0;10.0;12058.0;19.0;;;12048.5;0.0
0;48600;ASH_COATED_OSMIUM;9990.0;14.0;9988.0;26.0;;;10006.0;14.0;10009.0;26.0;;;9998.0;1497.6875
0;48700;ASH_COATED_OSMIUM;9990.0;13.0;9988.0;22.0;;;10006.0;13.0;10009.0;22.0;;;9998.0;1498.40625
0;48700;INTARIAN_PEPPER_ROOT;12042.0;8.0;12039.0;16.0;;;12055.0;8.0;12058.0;16.0;;;12048.5;0.0
0;48800;INTARIAN_PEPPER_ROOT;12039.0;18.0;;;;;12051.0;9.0;12055.0;12.0;12058.0;18.0;12045.0;0.0
0;48800;ASH_COATED_OSMIUM;9990.0;10.0;9988.0;28.0;;;10006.0;10.0;10009.0;28.0;;;9998.0;1490.65625
0;48900;ASH_COATED_OSMIUM;9988.0;22.0;;;;;10007.0;15.0;10009.0;22.0;;;9997.5;1485.71875
0;48900;INTARIAN_PEPPER_ROOT;12046.0;5.0;12039.0;25.0;;;12055.0;8.0;12058.0;25.0;;;12050.5;0.0
0;49000;INTARIAN_PEPPER_ROOT;12042.0;9.0;;;;;12056.0;9.0;;;;;12049.0;0.0
0;49000;ASH_COATED_OSMIUM;9991.0;12.0;;;;;10009.0;28.0;;;;;10000.0;1485.5625
0;49100;ASH_COATED_OSMIUM;10000.0;10.0;9991.0;13.0;9988.0;30.0;10007.0;13.0;10009.0;30.0;;;10003.5;1480.25
0;49100;INTARIAN_PEPPER_ROOT;12043.0;8.0;12040.0;18.0;;;12056.0;8.0;12059.0;18.0;;;12049.5;0.0
0;49200;INTARIAN_PEPPER_ROOT;12043.0;12.0;12040.0;15.0;;;12056.0;12.0;12059.0;15.0;;;12049.5;0.0
0;49200;ASH_COATED_OSMIUM;9990.0;11.0;;;;;10006.0;11.0;;;;;9998.0;1505.375
0;49300;ASH_COATED_OSMIUM;9990.0;12.0;9987.0;29.0;;;10008.0;29.0;;;;;9999.0;1527.25
0;49300;INTARIAN_PEPPER_ROOT;12046.0;12.0;12043.0;12.0;;;12056.0;12.0;12059.0;20.0;;;12051.0;0.0
0;49400;INTARIAN_PEPPER_ROOT;12043.0;12.0;12040.0;23.0;;;12056.0;12.0;12059.0;23.0;;;12049.5;0.0
0;49400;ASH_COATED_OSMIUM;9990.0;13.0;9987.0;22.0;;;10006.0;13.0;;;;;9998.0;1533.0
0;49500;ASH_COATED_OSMIUM;9990.0;12.0;9987.0;24.0;;;10006.0;12.0;10008.0;24.0;;;9998.0;1561.0625
0;49500;INTARIAN_PEPPER_ROOT;12043.0;12.0;12040.0;17.0;;;12056.0;12.0;12059.0;17.0;;;12049.5;0.0
0;49600;INTARIAN_PEPPER_ROOT;12043.0;12.0;12040.0;22.0;;;12056.0;12.0;12059.0;22.0;;;12049.5;0.0
0;49600;ASH_COATED_OSMIUM;9990.0;15.0;9988.0;28.0;;;10006.0;15.0;10009.0;28.0;;;9998.0;1553.03125
0;49700;ASH_COATED_OSMIUM;9990.0;13.0;9988.0;21.0;;;10006.0;13.0;10009.0;21.0;;;9998.0;1554.59375
0;49700;INTARIAN_PEPPER_ROOT;12043.0;12.0;;;;;12056.0;12.0;12059.0;17.0;;;12049.5;0.0
0;49800;INTARIAN_PEPPER_ROOT;12043.0;9.0;12040.0;23.0;;;12046.0;3.0;12056.0;9.0;12059.0;23.0;12044.5;0.0
0;49800;ASH_COATED_OSMIUM;9991.0;15.0;;;;;10009.0;20.0;;;;;10000.0;1525.75
0;49900;ASH_COATED_OSMIUM;9991.0;14.0;;;;;10007.0;14.0;;;;;9999.0;1514.6875
0;49900;INTARIAN_PEPPER_ROOT;12043.0;8.0;12040.0;22.0;;;12056.0;8.0;12059.0;22.0;;;12049.5;0.0
0;50000;INTARIAN_PEPPER_ROOT;12043.0;8.0;12040.0;18.0;;;;;;;;;12043.0;0.0
0;50000;ASH_COATED_OSMIUM;9988.0;24.0;;;;;10007.0;12.0;10009.0;24.0;;;9997.5;1519.4375
0;50100;ASH_COATED_OSMIUM;9991.0;14.0;9988.0;22.0;;;10007.0;14.0;10009.0;22.0;;;9999.0;1526.59375
0;50100;INTARIAN_PEPPER_ROOT;12044.0;10.0;;;;;12057.0;10.0;;;;;12050.5;0.0
0;50200;INTARIAN_PEPPER_ROOT;;;;;;;12057.0;10.0;12060.0;17.0;;;12057.0;0.0
0;50200;ASH_COATED_OSMIUM;9988.0;28.0;;;;;10007.0;12.0;10009.0;28.0;;;9997.5;1532.46875
0;50300;ASH_COATED_OSMIUM;9990.0;12.0;9988.0;23.0;;;10006.0;12.0;;;;;9998.0;1541.15625
0;50300;INTARIAN_PEPPER_ROOT;12044.0;10.0;;;;;12057.0;10.0;12060.0;20.0;;;12050.5;0.0
0;50400;INTARIAN_PEPPER_ROOT;12044.0;12.0;12041.0;16.0;;;12057.0;12.0;12060.0;16.0;;;12050.5;0.0
0;50400;ASH_COATED_OSMIUM;9991.0;15.0;;;;;10007.0;15.0;10009.0;21.0;;;9999.0;1534.59375
0;50500;ASH_COATED_OSMIUM;9990.0;13.0;;;;;10006.0;13.0;10009.0;27.0;;;9998.0;1540.25
0;50500;INTARIAN_PEPPER_ROOT;12044.0;11.0;12041.0;25.0;;;12057.0;11.0;12060.0;25.0;;;12050.5;0.0
0;50600;INTARIAN_PEPPER_ROOT;12041.0;15.0;;;;;12057.0;11.0;;;;;12049.0;0.0
0;50600;ASH_COATED_OSMIUM;9988.0;22.0;;;;;10006.0;14.0;10009.0;22.0;;;9997.0;1544.5625
0;50700;ASH_COATED_OSMIUM;9990.0;15.0;9988.0;20.0;;;10006.0;15.0;10009.0;20.0;;;9998.0;1542.71875
0;50700;INTARIAN_PEPPER_ROOT;12044.0;10.0;12041.0;18.0;;;12057.0;10.0;12060.0;18.0;;;12050.5;0.0
0;50800;INTARIAN_PEPPER_ROOT;12044.0;9.0;12041.0;23.0;;;12060.0;23.0;;;;;12052.0;0.0
0;50800;ASH_COATED_OSMIUM;9990.0;14.0;;;;;10006.0;14.0;10009.0;26.0;;;9998.0;1541.46875
0;50900;ASH_COATED_OSMIUM;9990.0;11.0;9988.0;30.0;;;10006.0;11.0;;;;;9998.0;1554.375
0;50900;INTARIAN_PEPPER_ROOT;12044.0;10.0;12041.0;15.0;;;12057.0;10.0;12060.0;15.0;;;12050.5;0.0
0;51000;INTARIAN_PEPPER_ROOT;12044.0;12.0;;;;;12058.0;12.0;12061.0;21.0;;;12051.0;0.0
0;51000;ASH_COATED_OSMIUM;9987.0;23.0;;;;;10008.0;23.0;;;;;9997.5;1571.75
0;51100;INTARIAN_PEPPER_ROOT;12045.0;8.0;12042.0;23.0;;;12058.0;8.0;12061.0;23.0;;;12051.5;0.0
0;51100;ASH_COATED_OSMIUM;9990.0;15.0;;;;;10006.0;15.0;10009.0;29.0;;;9998.0;1538.09375
0;51200;INTARIAN_PEPPER_ROOT;12045.0;9.0;12042.0;21.0;;;;;;;;;12045.0;0.0
0;51200;ASH_COATED_OSMIUM;9991.0;13.0;9989.0;30.0;;;10010.0;30.0;;;;;10000.5;1505.03125
0;51300;INTARIAN_PEPPER_ROOT;12042.0;18.0;;;;;12058.0;8.0;12061.0;18.0;;;12050.0;0.0
0;51300;ASH_COATED_OSMIUM;9989.0;23.0;;;;;10007.0;13.0;10010.0;23.0;;;9998.0;1506.125
0;51400;ASH_COATED_OSMIUM;9989.0;22.0;;;;;10010.0;22.0;;;;;9999.5;1591.5
0;51400;INTARIAN_PEPPER_ROOT;12045.0;12.0;12042.0;23.0;;;12058.0;12.0;;;;;12051.5;0.0
0;51500;ASH_COATED_OSMIUM;9991.0;15.0;9988.0;21.0;;;10007.0;15.0;10009.0;21.0;;;9999.0;1599.84375
0;51500;INTARIAN_PEPPER_ROOT;12045.0;10.0;12042.0;19.0;;;12061.0;19.0;;;;;12053.0;0.0
0;51600;ASH_COATED_OSMIUM;9988.0;21.0;;;;;10007.0;12.0;;;;;9997.5;1599.3125
0;51600;INTARIAN_PEPPER_ROOT;12045.0;11.0;;;;;12058.0;11.0;;;;;12051.5;0.0
0;51700;ASH_COATED_OSMIUM;9988.0;30.0;;;;;10009.0;30.0;;;;;9998.5;1613.125
0;51700;INTARIAN_PEPPER_ROOT;12045.0;8.0;12042.0;19.0;;;12048.0;4.0;12058.0;8.0;;;12046.5;0.0
0;51800;ASH_COATED_OSMIUM;;;;;;;10007.0;10.0;10009.0;25.0;;;10007.0;1605.96875
0;51800;INTARIAN_PEPPER_ROOT;12042.0;16.0;;;;;12061.0;16.0;;;;;12051.5;0.0
0;51900;ASH_COATED_OSMIUM;9988.0;26.0;;;;;10007.0;11.0;10009.0;26.0;;;9997.5;1602.21875
0;51900;INTARIAN_PEPPER_ROOT;12042.0;18.0;;;;;12058.0;9.0;12061.0;18.0;;;12050.0;0.0
0;52000;ASH_COATED_OSMIUM;9988.0;21.0;;;;;10009.0;21.0;;;;;9998.5;1600.96875
0;52000;INTARIAN_PEPPER_ROOT;12045.0;9.0;12042.0;18.0;;;12059.0;9.0;12062.0;18.0;;;12052.0;0.0
0;52100;INTARIAN_PEPPER_ROOT;12046.0;10.0;12043.0;20.0;;;12059.0;10.0;12062.0;20.0;;;12052.5;0.0
0;52100;ASH_COATED_OSMIUM;9992.0;11.0;9989.0;27.0;;;10008.0;11.0;10010.0;27.0;;;10000.0;1573.75
0;52200;INTARIAN_PEPPER_ROOT;12046.0;10.0;12043.0;15.0;;;12059.0;10.0;12062.0;15.0;;;12052.5;0.0
0;52200;ASH_COATED_OSMIUM;9991.0;10.0;9989.0;23.0;;;10007.0;10.0;10010.0;23.0;;;9999.0;1593.5
0;52300;INTARIAN_PEPPER_ROOT;12046.0;10.0;12043.0;15.0;;;12059.0;10.0;12062.0;15.0;;;12052.5;0.0
0;52300;ASH_COATED_OSMIUM;9991.0;12.0;9989.0;30.0;;;10007.0;12.0;10010.0;30.0;;;9999.0;1595.375
0;52400;INTARIAN_PEPPER_ROOT;;;;;;;12059.0;9.0;12062.0;20.0;;;12059.0;0.0
0;52400;ASH_COATED_OSMIUM;9990.0;14.0;9988.0;20.0;;;10000.0;2.0;10009.0;20.0;;;9995.0;1624.03125
0;52500;INTARIAN_PEPPER_ROOT;12046.0;8.0;12043.0;17.0;;;12059.0;8.0;12062.0;17.0;;;12052.5;0.0
0;52500;ASH_COATED_OSMIUM;9990.0;15.0;;;;;10008.0;25.0;;;;;9999.0;1633.65625
0;52600;INTARIAN_PEPPER_ROOT;12043.0;25.0;;;;;12059.0;8.0;12062.0;25.0;;;12051.0;0.0
0;52600;ASH_COATED_OSMIUM;9987.0;30.0;;;;;10006.0;14.0;;;;;9996.5;1635.875
0;52700;ASH_COATED_OSMIUM;9990.0;12.0;9987.0;24.0;;;10006.0;12.0;10008.0;24.0;;;9998.0;1631.53125
0;52700;INTARIAN_PEPPER_ROOT;12046.0;8.0;12043.0;23.0;;;12059.0;8.0;;;;;12052.5;0.0
0;52800;ASH_COATED_OSMIUM;9987.0;26.0;;;;;10005.0;14.0;10008.0;26.0;;;9996.0;1649.625
0;52800;INTARIAN_PEPPER_ROOT;12046.0;11.0;12043.0;20.0;;;12059.0;11.0;;;;;12052.5;0.0
0;52900;INTARIAN_PEPPER_ROOT;12046.0;11.0;12043.0;23.0;;;12059.0;11.0;12062.0;23.0;;;12052.5;0.0
0;52900;ASH_COATED_OSMIUM;9989.0;10.0;9986.0;26.0;;;10005.0;10.0;;;;;9997.0;1661.1875
0;53000;INTARIAN_PEPPER_ROOT;12043.0;23.0;;;;;12060.0;10.0;12063.0;23.0;;;12051.5;0.0
0;53000;ASH_COATED_OSMIUM;9989.0;13.0;9986.0;29.0;;;10005.0;13.0;10007.0;29.0;;;9997.0;1656.375
0;53100;ASH_COATED_OSMIUM;9989.0;15.0;9986.0;21.0;;;10007.0;21.0;;;;;9998.0;1663.59375
0;53100;INTARIAN_PEPPER_ROOT;12047.0;12.0;12044.0;16.0;;;;;;;;;12047.0;0.0
0;53200;ASH_COATED_OSMIUM;9989.0;14.0;;;;;10005.0;14.0;;;;;9997.0;1645.625
0;53200;INTARIAN_PEPPER_ROOT;12047.0;9.0;12044.0;19.0;;;12060.0;9.0;12063.0;19.0;;;12053.5;0.0
0;53300;INTARIAN_PEPPER_ROOT;12044.0;22.0;;;;;12060.0;9.0;;;;;12052.0;0.0
0;53300;ASH_COATED_OSMIUM;9987.0;20.0;;;;;10006.0;13.0;10008.0;20.0;;;9996.5;1631.8125
0;53400;INTARIAN_PEPPER_ROOT;;;;;;;12060.0;10.0;12063.0;23.0;;;12060.0;0.0
0;53400;ASH_COATED_OSMIUM;9987.0;30.0;;;;;10006.0;14.0;;;;;9996.5;1625.6875
0;53500;ASH_COATED_OSMIUM;9990.0;13.0;9987.0;25.0;;;10006.0;13.0;;;;;9998.0;1637.34375
0;53500;INTARIAN_PEPPER_ROOT;12047.0;11.0;;;;;12060.0;11.0;;;;;12053.5;0.0
0;53600;ASH_COATED_OSMIUM;9990.0;14.0;9987.0;22.0;;;10006.0;14.0;10008.0;22.0;;;9998.0;1637.375
0;53600;INTARIAN_PEPPER_ROOT;12047.0;9.0;12044.0;25.0;;;12063.0;25.0;;;;;12055.0;0.0
0;53700;INTARIAN_PEPPER_ROOT;12047.0;10.0;12044.0;20.0;;;;;;;;;12047.0;0.0
0;53700;ASH_COATED_OSMIUM;9999.0;7.0;9995.0;5.0;9990.0;14.0;10008.0;23.0;;;;;10003.5;1637.96875
0;53800;INTARIAN_PEPPER_ROOT;12047.0;10.0;;;;;12060.0;10.0;12063.0;21.0;;;12053.5;0.0
0;53800;ASH_COATED_OSMIUM;9990.0;12.0;9987.0;29.0;;;;;;;;;9990.0;1644.3125
0;53900;ASH_COATED_OSMIUM;9989.0;13.0;9987.0;25.0;;;10005.0;13.0;;;;;9997.0;1653.59375
0;53900;INTARIAN_PEPPER_ROOT;12047.0;9.0;12044.0;19.0;;;12060.0;9.0;12063.0;19.0;;;12053.5;0.0
0;54000;ASH_COATED_OSMIUM;9989.0;15.0;9986.0;21.0;;;10005.0;15.0;10007.0;21.0;;;9997.0;1675.625
0;54000;INTARIAN_PEPPER_ROOT;12047.0;8.0;;;;;12061.0;8.0;12064.0;25.0;;;12054.0;0.0
0;54100;INTARIAN_PEPPER_ROOT;12048.0;12.0;12045.0;21.0;;;12061.0;12.0;;;;;12054.5;0.0
0;54100;ASH_COATED_OSMIUM;9989.0;13.0;9986.0;21.0;;;10005.0;13.0;10007.0;21.0;;;9997.0;1713.25
0;54200;INTARIAN_PEPPER_ROOT;12048.0;9.0;12045.0;22.0;;;12064.0;22.0;;;;;12056.0;0.0
0;54200;ASH_COATED_OSMIUM;9989.0;15.0;;;;;10005.0;15.0;10007.0;20.0;;;9997.0;1718.59375
0;54300;ASH_COATED_OSMIUM;9988.0;10.0;;;;;10004.0;10.0;10007.0;26.0;;;9996.0;1728.375
0;54300;INTARIAN_PEPPER_ROOT;;;;;;;12061.0;9.0;12064.0;15.0;;;12061.0;0.0
0;54400;ASH_COATED_OSMIUM;9988.0;14.0;9986.0;22.0;;;10004.0;14.0;10007.0;22.0;;;9996.0;1756.46875
0;54400;INTARIAN_PEPPER_ROOT;12045.0;15.0;;;;;12061.0;9.0;12064.0;15.0;;;12053.0;0.0
0;54500;INTARIAN_PEPPER_ROOT;12048.0;9.0;12045.0;24.0;;;12061.0;9.0;12064.0;24.0;;;12054.5;0.0
0;54500;ASH_COATED_OSMIUM;9988.0;11.0;9986.0;27.0;;;10007.0;27.0;;;;;9997.5;1762.4375
0;54600;INTARIAN_PEPPER_ROOT;12048.0;8.0;12045.0;15.0;;;12061.0;8.0;12064.0;15.0;;;12054.5;0.0
0;54600;ASH_COATED_OSMIUM;9986.0;29.0;;;;;10004.0;10.0;10007.0;29.0;;;9995.0;1760.3125
0;54700;ASH_COATED_OSMIUM;9988.0;10.0;;;;;10004.0;10.0;;;;;9996.0;1755.0
0;54700;INTARIAN_PEPPER_ROOT;12045.0;16.0;;;;;12064.0;16.0;;;;;12054.5;0.0
0;54800;ASH_COATED_OSMIUM;9988.0;10.0;;;;;10004.0;10.0;10007.0;23.0;;;9996.0;1760.53125
0;54800;INTARIAN_PEPPER_ROOT;12048.0;11.0;12045.0;25.0;;;12061.0;11.0;12064.0;25.0;;;12054.5;0.0
0;54900;INTARIAN_PEPPER_ROOT;12045.0;25.0;;;;;12057.0;8.0;12061.0;10.0;12064.0;25.0;12051.0;0.0
0;54900;ASH_COATED_OSMIUM;9988.0;13.0;9986.0;22.0;;;10007.0;22.0;;;;;9997.5;1831.40625
0;55000;INTARIAN_PEPPER_ROOT;12048.0;10.0;12045.0;15.0;;;12062.0;10.0;12065.0;15.0;;;12055.0;0.0
0;55000;ASH_COATED_OSMIUM;9986.0;20.0;;;;;10004.0;10.0;;;;;9995.0;1819.625
0;55100;ASH_COATED_OSMIUM;9988.0;11.0;9986.0;24.0;;;10004.0;11.0;10007.0;24.0;;;9996.0;1835.84375
0;55100;INTARIAN_PEPPER_ROOT;12049.0;8.0;12046.0;20.0;;;12062.0;8.0;;;;;12055.5;0.0
0;55200;ASH_COATED_OSMIUM;9988.0;14.0;9985.0;25.0;;;10004.0;14.0;10006.0;25.0;;;9996.0;1853.40625
0;55200;INTARIAN_PEPPER_ROOT;12046.0;24.0;;;;;12062.0;9.0;12065.0;24.0;;;12054.0;0.0
0;55300;INTARIAN_PEPPER_ROOT;12049.0;9.0;12046.0;19.0;;;12062.0;9.0;12065.0;19.0;;;12055.5;0.0
0;55300;ASH_COATED_OSMIUM;9988.0;11.0;9986.0;22.0;;;10004.0;11.0;;;;;9996.0;1834.0
0;55400;INTARIAN_PEPPER_ROOT;12049.0;12.0;;;;;12062.0;12.0;12065.0;23.0;;;12055.5;0.0
0;55400;ASH_COATED_OSMIUM;9988.0;12.0;9985.0;27.0;;;10004.0;12.0;10006.0;27.0;;;9996.0;1845.5
0;55500;INTARIAN_PEPPER_ROOT;12049.0;11.0;12046.0;16.0;;;12062.0;11.0;12065.0;16.0;;;12055.5;0.0
0;55500;ASH_COATED_OSMIUM;9988.0;14.0;9986.0;22.0;;;10004.0;14.0;10007.0;22.0;;;9996.0;1839.5625
0;55600;INTARIAN_PEPPER_ROOT;12049.0;9.0;12046.0;20.0;;;;;;;;;12049.0;0.0
0;55600;ASH_COATED_OSMIUM;9988.0;14.0;9985.0;23.0;;;10004.0;14.0;10006.0;23.0;;;9996.0;1844.25
0;55700;INTARIAN_PEPPER_ROOT;12049.0;8.0;12046.0;15.0;;;12062.0;8.0;12065.0;15.0;;;12055.5;0.0
0;55700;ASH_COATED_OSMIUM;9988.0;10.0;9985.0;21.0;;;10006.0;21.0;;;;;9997.0;1845.8125
0;55800;ASH_COATED_OSMIUM;;;;;;;10004.0;12.0;;;;;10004.0;1863.1875
0;55800;INTARIAN_PEPPER_ROOT;12049.0;9.0;12046.0;25.0;;;12065.0;25.0;;;;;12057.0;0.0
0;55900;ASH_COATED_OSMIUM;;;;;;;10004.0;14.0;;;;;10004.0;1850.03125
0;55900;INTARIAN_PEPPER_ROOT;12049.0;9.0;12046.0;20.0;;;12062.0;9.0;12065.0;20.0;;;12055.5;0.0
0;56000;ASH_COATED_OSMIUM;9988.0;11.0;9985.0;24.0;;;9997.0;2.0;10004.0;11.0;;;9992.5;1844.125
0;56000;INTARIAN_PEPPER_ROOT;12049.0;9.0;12046.0;22.0;;;12063.0;9.0;12066.0;22.0;;;12056.0;0.0
0;56100;ASH_COATED_OSMIUM;9986.0;27.0;;;;;10004.0;11.0;10007.0;27.0;;;9995.0;1830.1875
0;56100;INTARIAN_PEPPER_ROOT;12050.0;12.0;12047.0;18.0;;;12063.0;12.0;12066.0;18.0;;;12056.5;0.0
0;56200;ASH_COATED_OSMIUM;9988.0;13.0;9986.0;30.0;;;10007.0;30.0;;;;;9997.5;1829.3125
0;56200;INTARIAN_PEPPER_ROOT;12050.0;11.0;12047.0;20.0;;;12063.0;11.0;12066.0;20.0;;;12056.5;0.0
0;56300;ASH_COATED_OSMIUM;9988.0;14.0;9986.0;28.0;;;10004.0;14.0;;;;;9996.0;1831.03125
0;56300;INTARIAN_PEPPER_ROOT;12050.0;9.0;;;;;;;;;;;12050.0;0.0
0;56400;ASH_COATED_OSMIUM;9997.0;9.0;;;;;10004.0;10.0;10006.0;27.0;;;10000.5;1853.84375
0;56400;INTARIAN_PEPPER_ROOT;12050.0;12.0;12047.0;25.0;;;12063.0;12.0;12066.0;25.0;;;12056.5;0.0
0;56500;ASH_COATED_OSMIUM;9987.0;14.0;9985.0;21.0;;;10003.0;14.0;10006.0;21.0;;;9995.0;1863.0
