day;timestamp;product;bid_price_1;bid_volume_1;bid_price_2;bid_volume_2;bid_price_3;bid_volume_3;ask_price_1;ask_volume_1;ask_price_2;ask_volume_2;ask_price_3;ask_volume_3;mid_price;profit_and_loss
-2;0;INTARIAN_PEPPER_ROOT;9992;17;;;;;10005;9;10008;17;;;9998.5;0.0
-2;0;ASH_COATED_OSMIUM;;;;;;;10010;25;;;;;10010.0;0.0
-2;100;INTARIAN_PEPPER_ROOT;9995;11;9992;16;;;10006;11;10008;16;;;10000.5;0.0
-2;100;ASH_COATED_OSMIUM;9992;15;;;;;10008;15;10011;20;;;10000.0;0.0
-2;200;INTARIAN_PEPPER_ROOT;9995;12;;;;;10008;20;;;;;10001.5;0.0
-2;200;ASH_COATED_OSMIUM;9992;15;9989;30;;;10008;15;10010;30;;;10000.0;0.0
-2;300;ASH_COATED_OSMIUM;9992;13;9989;26;;;10008;13;10010;26;;;10000.0;0.0
-2;300;INTARIAN_PEPPER_ROOT;;;;;;;10006;10;10008;21;;;10006.0;0.0
-2;400;ASH_COATED_OSMIUM;9992;15;;;;;10008;15;10010;20;;;10000.0;0.0
-2;400;INTARIAN_PEPPER_ROOT;9992;20;;;;;10006;12;10008;20;;;9999.0;0.0
-2;500;INTARIAN_PEPPER_ROOT;9995;12;9993;16;;;10006;12;10008;16;;;10000.5;0.0
-2;500;ASH_COATED_OSMIUM;9992;13;9989;30;;;10008;13;10010;30;;;10000.0;0.0
-2;600;ASH_COATED_OSMIUM;9989;30;;;;;10010;30;;;;;9999.5;0.0
-2;600;INTARIAN_PEPPER_ROOT;9995;11;9993;16;;;10009;16;;;;;10002.0;0.0
-2;700;ASH_COATED_OSMIUM;9990;27;;;;;10011;27;;;;;10000.5;0.0
-2;700;INTARIAN_PEPPER_ROOT;9995;12;9993;17;;;10006;12;10009;17;;;10000.5;0.0
-2;800;ASH_COATED_OSMIUM;9993;15;;;;;10011;21;;;;;10002.0;0.0
-2;800;INTARIAN_PEPPER_ROOT;9993;23;;;;;10006;9;;;;;9999.5;0.0
-2;900;INTARIAN_PEPPER_ROOT;9995;11;9993;24;;;10006;11;10009;24;;;10000.5;0.0
-2;900;ASH_COATED_OSMIUM;9993;13;9990;30;;;9998;8;10009;13;10011;30;9995.5;0.0
-2;1000;ASH_COATED_OSMIUM;9990;22;;;;;10009;15;10011;22;;;9999.5;0.0
-2;1000;INTARIAN_PEPPER_ROOT;9995;11;9993;24;;;10006;11;10009;24;;;10000.5;0.0
-2;1100;ASH_COATED_OSMIUM;9993;10;;;;;10009;10;10011;25;;;10001.0;0.0
-2;1100;INTARIAN_PEPPER_ROOT;;;;;;;10003;8;10009;21;;;10003.0;0.0
-2;1200;INTARIAN_PEPPER_ROOT;9993;21;;;;;10007;10;;;;;10000.0;0.0
-2;1200;ASH_COATED_OSMIUM;;;;;;;10009;10;10011;27;;;10009.0;0.0
-2;1300;INTARIAN_PEPPER_ROOT;9996;9;9993;16;;;10007;9;10009;16;;;10001.5;0.0
-2;1300;ASH_COATED_OSMIUM;9993;10;9991;23;;;10012;23;;;;;10002.5;0.0
-2;1400;INTARIAN_PEPPER_ROOT;9996;10;9993;18;;;10007;10;10009;18;;;10001.5;0.0
-2;1400;ASH_COATED_OSMIUM;9993;13;9991;26;;;10009;13;10012;26;;;10001.0;0.0
-2;1500;ASH_COATED_OSMIUM;9994;12;9991;25;;;10010;12;10012;25;;;10002.0;0.0
-2;1500;INTARIAN_PEPPER_ROOT;9996;9;9993;23;;;10007;9;;;;;10001.5;0.0
-2;1600;INTARIAN_PEPPER_ROOT;9994;24;;;;;10007;8;;;;;10000.5;0.0
-2;1600;ASH_COATED_OSMIUM;9994;15;9991;23;;;;;;;;;9994.0;0.0
-2;1700;INTARIAN_PEPPER_ROOT;9996;9;9994;18;;;10007;9;;;;;10001.5;0.0
-2;1700;ASH_COATED_OSMIUM;9999;3;9994;12;9991;28;10010;12;10012;28;;;10004.5;0.0
-2;1800;INTARIAN_PEPPER_ROOT;9996;12;9994;23;;;10007;12;10010;23;;;10001.5;0.0
-2;1800;ASH_COATED_OSMIUM;9994;14;9991;24;;;10010;14;10012;24;;;10002.0;0.0
-2;1900;ASH_COATED_OSMIUM;9994;11;9991;25;;;10010;11;10012;25;;;10002.0;0.0
-2;1900;INTARIAN_PEPPER_ROOT;9996;8;9994;17;;;10010;17;;;;;10003.0;0.0
-2;2000;INTARIAN_PEPPER_ROOT;9994;17;;;;;10008;11;10010;17;;;10001.0;0.0
-2;2000;ASH_COATED_OSMIUM;9991;30;;;;;10010;10;10012;30;;;10000.5;0.0
-2;2100;INTARIAN_PEPPER_ROOT;9997;10;;;;;10010;20;;;;;10003.5;0.0
-2;2100;ASH_COATED_OSMIUM;9994;13;9992;20;;;10010;13;;;;;10002.0;0.0
-2;2200;INTARIAN_PEPPER_ROOT;9994;19;;;;;10008;12;10010;19;;;10001.0;0.0
-2;2200;ASH_COATED_OSMIUM;9994;14;;;;;10010;14;10013;25;;;10002.0;0.0
-2;2300;INTARIAN_PEPPER_ROOT;9994;22;;;;;10008;12;;;;;10001.0;0.0
-2;2300;ASH_COATED_OSMIUM;10000;5;9995;11;9992;28;10011;11;10013;28;;;10005.5;0.0
-2;2400;ASH_COATED_OSMIUM;9992;30;;;;;10011;13;10013;30;;;10001.5;0.0
-2;2400;INTARIAN_PEPPER_ROOT;9997;9;9994;18;;;10008;9;10010;18;;;10002.5;0.0
-2;2500;INTARIAN_PEPPER_ROOT;9997;9;;;;;10008;9;10011;18;;;10002.5;0.0
-2;2500;ASH_COATED_OSMIUM;9992;21;;;;;10011;14;;;;;10001.5;0.0
-2;2600;INTARIAN_PEPPER_ROOT;9995;15;;;;;10008;8;10011;15;;;10001.5;0.0
-2;2600;ASH_COATED_OSMIUM;9995;15;9992;21;;;10011;15;;;;;10003.0;0.0
-2;2700;INTARIAN_PEPPER_ROOT;9997;10;9995;16;;;10011;16;;;;;10004.0;0.0
-2;2700;ASH_COATED_OSMIUM;9995;15;9992;26;;;10013;26;;;;;10004.0;0.0
-2;2800;ASH_COATED_OSMIUM;9995;13;;;;;10011;13;10013;28;;;10003.0;0.0
-2;2800;INTARIAN_PEPPER_ROOT;9997;10;9995;21;;;10008;10;;;;;10002.5;0.0
-2;2900;INTARIAN_PEPPER_ROOT;9997;8;9995;21;;;10008;8;10011;21;;;10002.5;0.0
-2;2900;ASH_COATED_OSMIUM;9995;15;9993;30;;;10011;15;10014;30;;;10003.0;0.0
-2;3000;INTARIAN_PEPPER_ROOT;9997;8;9995;19;;;10009;8;10011;19;;;10003.0;0.0
-2;3000;ASH_COATED_OSMIUM;9993;26;;;;;10011;12;10014;26;;;10002.0;0.0
-2;3100;INTARIAN_PEPPER_ROOT;9998;9;;;;;10011;19;;;;;10004.5;0.0
-2;3100;ASH_COATED_OSMIUM;9996;12;;;;;10012;12;10014;23;;;10004.0;0.0
-2;3200;ASH_COATED_OSMIUM;9996;11;9993;26;;;10014;26;;;;;10005.0;0.0
-2;3200;INTARIAN_PEPPER_ROOT;9995;22;;;;;10011;22;;;;;10003.0;0.0
-2;3300;INTARIAN_PEPPER_ROOT;9998;10;9995;19;;;10009;10;;;;;10003.5;0.0
-2;3300;ASH_COATED_OSMIUM;9996;15;9993;20;;;10012;15;10014;20;;;10004.0;0.0
-2;3400;INTARIAN_PEPPER_ROOT;9998;9;9995;21;;;10009;9;10011;21;;;10003.5;0.0
-2;3400;ASH_COATED_OSMIUM;9996;10;9993;22;;;10012;10;;;;;10004.0;0.0
-2;3500;INTARIAN_PEPPER_ROOT;9998;11;;;;;10012;23;;;;;10005.0;0.0
-2;3500;ASH_COATED_OSMIUM;9993;29;;;;;10012;10;10014;29;;;10002.5;0.0
-2;3600;ASH_COATED_OSMIUM;9996;10;9993;26;;;10012;10;;;;;10004.0;0.0
-2;3600;INTARIAN_PEPPER_ROOT;9998;12;9996;19;;;10009;12;10012;19;;;10003.5;0.0
-2;3700;ASH_COATED_OSMIUM;9993;25;;;;;10011;11;;;;;10002.0;0.0
-2;3700;INTARIAN_PEPPER_ROOT;9998;9;;;;;10009;9;10012;17;;;10003.5;0.0
-2;3800;INTARIAN_PEPPER_ROOT;9998;8;9996;20;;;10012;20;;;;;10005.0;0.0
-2;3800;ASH_COATED_OSMIUM;9995;11;9993;27;;;10011;11;10014;27;;;10003.0;0.0
-2;3900;ASH_COATED_OSMIUM;9995;14;9993;25;;;10011;14;10014;25;;;10003.0;0.0
-2;3900;INTARIAN_PEPPER_ROOT;9998;11;;;;;10009;11;10012;15;;;10003.5;0.0
-2;4000;ASH_COATED_OSMIUM;9996;10;9994;27;;;10012;10;10015;27;;;10004.0;0.0
-2;4000;INTARIAN_PEPPER_ROOT;10007;7;9998;11;9996;20;10010;11;10012;20;;;10008.5;0.0
-2;4100;ASH_COATED_OSMIUM;9994;28;;;;;10013;12;;;;;10003.5;0.0
-2;4100;INTARIAN_PEPPER_ROOT;9999;12;9996;17;;;;;;;;;9999.0;0.0
-2;4200;INTARIAN_PEPPER_ROOT;9996;16;;;;;10012;16;;;;;10004.0;0.0
-2;4200;ASH_COATED_OSMIUM;9994;23;;;;;10015;23;;;;;10004.5;0.0
-2;4300;ASH_COATED_OSMIUM;9997;13;9994;26;;;10015;26;;;;;10006.0;0.0
-2;4300;INTARIAN_PEPPER_ROOT;;;;;;;10010;11;10012;25;;;10010.0;0.0
-2;4400;ASH_COATED_OSMIUM;9997;11;9994;28;;;10015;28;;;;;10006.0;0.0
-2;4400;INTARIAN_PEPPER_ROOT;9996;17;;;;;10010;9;10012;17;;;10003.0;0.0
-2;4500;INTARIAN_PEPPER_ROOT;9999;8;9996;18;;;10010;8;10013;18;;;10004.5;0.0
-2;4500;ASH_COATED_OSMIUM;9997;12;9994;29;;;10013;12;10015;29;;;10005.0;0.0
-2;4600;INTARIAN_PEPPER_ROOT;9999;8;9997;19;;;10010;8;10013;19;;;10004.5;0.0
-2;4600;ASH_COATED_OSMIUM;9997;11;9995;29;;;10016;29;;;;;10006.5;0.0
-2;4700;INTARIAN_PEPPER_ROOT;9999;8;9997;15;;;10013;15;;;;;10006.0;0.0
-2;4700;ASH_COATED_OSMIUM;;;;;;;10013;11;10016;29;;;10013.0;0.0
-2;4800;ASH_COATED_OSMIUM;9995;24;;;;;10007;3;10013;14;10016;24;10001.0;0.0
-2;4800;INTARIAN_PEPPER_ROOT;9999;9;9997;17;;;10010;9;10013;17;;;10004.5;0.0
-2;4900;ASH_COATED_OSMIUM;9997;15;9995;22;;;10013;15;10016;22;;;10005.0;0.0
-2;4900;INTARIAN_PEPPER_ROOT;9997;24;;;;;10010;9;10013;24;;;10003.5;0.0
-2;5000;INTARIAN_PEPPER_ROOT;9999;9;;;;;10011;9;;;;;10005.0;0.0
-2;5000;ASH_COATED_OSMIUM;9997;15;9994;20;;;10013;15;10015;20;;;10005.0;0.0
-2;5100;ASH_COATED_OSMIUM;9997;11;9994;29;;;10013;11;10015;29;;;10005.0;0.0
-2;5100;INTARIAN_PEPPER_ROOT;10000;10;9997;21;;;10007;7;10011;10;10013;21;10003.5;0.0
-2;5200;ASH_COATED_OSMIUM;9994;25;;;;;10013;12;10015;25;;;10003.5;0.0
-2;5200;INTARIAN_PEPPER_ROOT;10000;11;9997;15;;;10002;5;10011;11;10013;15;10001.0;0.0
-2;5300;ASH_COATED_OSMIUM;10002;4;9994;22;;;10012;15;10015;22;;;10007.0;0.0
-2;5300;INTARIAN_PEPPER_ROOT;10000;11;9997;24;;;10011;11;10013;24;;;10005.5;0.0
-2;5400;INTARIAN_PEPPER_ROOT;10000;9;;;;;10011;9;;;;;10005.5;0.0
-2;5400;ASH_COATED_OSMIUM;9994;29;;;;;10013;15;;;;;10003.5;0.0
-2;5500;ASH_COATED_OSMIUM;9996;13;9994;28;;;10012;13;10015;28;;;10004.0;0.0
-2;5500;INTARIAN_PEPPER_ROOT;9997;24;;;;;10011;10;;;;;10004.0;0.0
-2;5600;ASH_COATED_OSMIUM;9996;15;;;;;;;;;;;9996.0;0.0
-2;5600;INTARIAN_PEPPER_ROOT;10000;10;;;;;10011;10;10014;19;;;10005.5;0.0
-2;5700;INTARIAN_PEPPER_ROOT;10000;9;9998;21;;;10011;9;10014;21;;;10005.5;0.0
-2;5700;ASH_COATED_OSMIUM;9996;12;9993;29;;;10012;12;;;;;10004.0;0.0
-2;5800;INTARIAN_PEPPER_ROOT;10000;10;;;;;;;;;;;10000.0;0.0
-2;5800;ASH_COATED_OSMIUM;10001;5;9996;15;9993;26;10012;15;10014;26;;;10006.5;0.0
-2;5900;INTARIAN_PEPPER_ROOT;10000;12;9998;20;;;10011;12;10014;20;;;10005.5;0.0
-2;5900;ASH_COATED_OSMIUM;9996;13;9994;28;;;10015;28;;;;;10005.5;0.0
-2;6000;ASH_COATED_OSMIUM;9996;10;9994;21;;;10006;2;10012;10;10015;21;10001.0;0.0
-2;6000;INTARIAN_PEPPER_ROOT;9998;23;;;;;10012;12;10014;23;;;10005.0;0.0
-2;6100;INTARIAN_PEPPER_ROOT;10001;12;;;;;10012;12;10014;17;;;10006.5;0.0
-2;6100;ASH_COATED_OSMIUM;9997;11;9994;26;;;10013;11;10015;26;;;10005.0;0.0
-2;6200;INTARIAN_PEPPER_ROOT;10001;8;9998;18;;;10012;8;10014;18;;;10006.5;0.0
-2;6200;ASH_COATED_OSMIUM;9997;12;9994;23;;;10013;12;10015;23;;;10005.0;0.0
-2;6300;INTARIAN_PEPPER_ROOT;10001;12;9998;17;;;10012;12;10014;17;;;10006.5;0.0
-2;6300;ASH_COATED_OSMIUM;9996;13;9993;26;;;10012;13;10014;26;;;10004.0;0.0
-2;6400;ASH_COATED_OSMIUM;9996;13;9993;26;;;10012;13;10014;26;;;10004.0;0.0
-2;6400;INTARIAN_PEPPER_ROOT;10001;8;;;;;10012;8;10014;23;;;10006.5;0.0
-2;6500;INTARIAN_PEPPER_ROOT;10001;10;9998;19;;;10012;10;10015;19;;;10006.5;0.0
-2;6500;ASH_COATED_OSMIUM;9993;21;;;;;;;;;;;9993.0;0.0
-2;6600;INTARIAN_PEPPER_ROOT;9999;21;;;;;10012;8;10015;21;;;10005.5;0.0
-2;6600;ASH_COATED_OSMIUM;9996;13;9993;23;;;10012;13;10014;23;;;10004.0;0.0
-2;6700;ASH_COATED_OSMIUM;9996;14;9993;27;;;10012;14;10014;27;;;10004.0;0.0
-2;6700;INTARIAN_PEPPER_ROOT;;;;;;;10012;8;10015;20;;;10012.0;0.0
-2;6800;ASH_COATED_OSMIUM;9996;14;9993;23;;;10012;14;10014;23;;;10004.0;0.0
-2;6800;INTARIAN_PEPPER_ROOT;10001;8;9999;21;;;10012;8;10015;21;;;10006.5;0.0
-2;6900;ASH_COATED_OSMIUM;9995;13;9993;28;;;10014;28;;;;;10004.5;0.0
-2;6900;INTARIAN_PEPPER_ROOT;10001;12;9999;15;;;10012;12;10015;15;;;10006.5;0.0
-2;7000;INTARIAN_PEPPER_ROOT;10001;12;;;;;10013;12;10015;25;;;10007.0;0.0
-2;7000;ASH_COATED_OSMIUM;9995;14;9993;24;;;10011;14;;;;;10003.0;0.0
-2;7100;ASH_COATED_OSMIUM;9995;11;9993;26;;;10011;11;;;;;10003.0;0.0
-2;7100;INTARIAN_PEPPER_ROOT;10002;11;9999;17;;;10013;11;10015;17;;;10007.5;0.0
-2;7200;ASH_COATED_OSMIUM;9993;26;;;;;10012;14;10014;26;;;10002.5;0.0
-2;7200;INTARIAN_PEPPER_ROOT;10002;9;9999;20;;;10013;9;10015;20;;;10007.5;0.0
-2;7300;ASH_COATED_OSMIUM;9996;11;9993;27;;;10012;11;10014;27;;;10004.0;0.0
-2;7300;INTARIAN_PEPPER_ROOT;10002;8;9999;23;;;10013;8;10015;23;;;10007.5;0.0
-2;7400;INTARIAN_PEPPER_ROOT;10002;10;9999;24;;;10015;24;;;;;10008.5;0.0
-2;7400;ASH_COATED_OSMIUM;9996;11;9994;28;;;10012;11;10015;28;;;10004.0;0.0
-2;7500;ASH_COATED_OSMIUM;9997;10;;;;;10013;10;;;;;10005.0;0.0
-2;7500;INTARIAN_PEPPER_ROOT;;;;;;;10013;8;10016;24;;;10013.0;0.0
-2;7600;ASH_COATED_OSMIUM;9997;13;9994;28;;;10015;28;;;;;10006.0;0.0
-2;7600;INTARIAN_PEPPER_ROOT;10002;8;10000;18;;;10013;8;10016;18;;;10007.5;0.0
-2;7700;ASH_COATED_OSMIUM;9994;25;;;;;10013;13;10015;25;;;10003.5;0.0
-2;7700;INTARIAN_PEPPER_ROOT;10002;8;10000;22;;;10013;8;10016;22;;;10007.5;0.0
-2;7800;INTARIAN_PEPPER_ROOT;10002;8;10000;18;;;10013;8;10016;18;;;10007.5;0.0
-2;7800;ASH_COATED_OSMIUM;10002;4;9996;14;9994;21;10015;21;;;;;10008.5;0.0
-2;7900;ASH_COATED_OSMIUM;9996;13;;;;;10012;13;;;;;10004.0;0.0
-2;7900;INTARIAN_PEPPER_ROOT;10002;10;10000;18;;;10013;10;10016;18;;;10007.5;0.0
-2;8000;ASH_COATED_OSMIUM;10006;6;9994;23;;;10013;15;10015;23;;;10009.5;0.0
-2;8000;INTARIAN_PEPPER_ROOT;;;;;;;10014;8;10016;25;;;10014.0;0.0
-2;8100;ASH_COATED_OSMIUM;9997;15;9994;20;;;10013;15;;;;;10005.0;0.0
-2;8100;INTARIAN_PEPPER_ROOT;10000;20;;;;;10014;12;10016;20;;;10007.0;0.0
-2;8200;ASH_COATED_OSMIUM;9994;30;;;;;10015;30;;;;;10004.5;0.0
-2;8200;INTARIAN_PEPPER_ROOT;10003;8;10000;24;;;10014;8;10016;24;;;10008.5;0.0
-2;8300;INTARIAN_PEPPER_ROOT;10003;8;10000;17;;;10014;8;10016;17;;;10008.5;0.0
-2;8300;ASH_COATED_OSMIUM;9997;14;9994;27;;;10015;27;;;;;10006.0;0.0
-2;8400;ASH_COATED_OSMIUM;9997;10;9994;25;;;10013;10;10015;25;;;10005.0;0.0
-2;8400;INTARIAN_PEPPER_ROOT;10003;9;10000;15;;;10014;9;10016;15;;;10008.5;0.0
-2;8500;ASH_COATED_OSMIUM;9997;12;9995;23;;;10013;12;10016;23;;;10005.0;0.0
-2;8500;INTARIAN_PEPPER_ROOT;10003;8;10000;21;;;10014;8;;;;;10008.5;0.0
-2;8600;ASH_COATED_OSMIUM;9995;27;;;;;10013;13;10016;27;;;10004.0;0.0
-2;8600;INTARIAN_PEPPER_ROOT;10003;10;10001;25;;;10017;25;;;;;10010.0;0.0
-2;8700;INTARIAN_PEPPER_ROOT;10003;11;;;;;10014;11;;;;;10008.5;0.0
-2;8700;ASH_COATED_OSMIUM;9997;10;9995;22;;;10013;10;10016;22;;;10005.0;0.0
-2;8800;ASH_COATED_OSMIUM;9997;13;9995;20;;;10013;13;;;;;10005.0;0.0
-2;8800;INTARIAN_PEPPER_ROOT;10003;12;10001;19;;;10014;12;10017;19;;;10008.5;0.0
-2;8900;ASH_COATED_OSMIUM;10003;2;9997;12;;;10013;12;10016;26;;;10008.0;0.0
-2;8900;INTARIAN_PEPPER_ROOT;10003;11;;;;;10014;11;;;;;10008.5;0.0
-2;9000;INTARIAN_PEPPER_ROOT;10003;11;10001;20;;;;;;;;;10003.0;0.0
-2;9000;ASH_COATED_OSMIUM;9998;10;9995;29;;;10014;10;10016;29;;;10006.0;0.0
-2;9100;INTARIAN_PEPPER_ROOT;10004;9;10001;18;;;10015;9;10017;18;;;10009.5;0.0
-2;9100;ASH_COATED_OSMIUM;9996;24;;;;;10017;24;;;;;10006.5;0.0
-2;9200;INTARIAN_PEPPER_ROOT;10004;10;10001;20;;;10017;20;;;;;10010.5;0.0
-2;9200;ASH_COATED_OSMIUM;9998;10;9996;28;;;10014;10;;;;;10006.0;0.0
-2;9300;ASH_COATED_OSMIUM;9998;11;9995;26;;;10014;11;10016;26;;;10006.0;0.0
-2;9300;INTARIAN_PEPPER_ROOT;10004;10;10001;15;;;10015;10;10017;15;;;10009.5;0.0
-2;9400;ASH_COATED_OSMIUM;9996;25;;;;;10015;11;10017;25;;;10005.5;0.0
-2;9400;INTARIAN_PEPPER_ROOT;10004;9;10001;19;;;;;;;;;10004.0;0.0
-2;9500;INTARIAN_PEPPER_ROOT;10001;16;;;;;10015;10;10018;16;;;10008.0;0.0
-2;9500;ASH_COATED_OSMIUM;9999;12;9996;23;;;10015;12;10017;23;;;10007.0;0.0
-2;9600;ASH_COATED_OSMIUM;9999;10;9997;29;;;10015;10;10018;29;;;10007.0;0.0
-2;9600;INTARIAN_PEPPER_ROOT;10002;20;;;;;10015;9;10018;20;;;10008.5;0.0
-2;9700;ASH_COATED_OSMIUM;10000;13;9997;28;;;10016;13;10018;28;;;10008.0;0.0
-2;9700;INTARIAN_PEPPER_ROOT;10004;9;10002;25;;;10015;9;10018;25;;;10009.5;0.0
-2;9800;ASH_COATED_OSMIUM;10000;15;9997;23;;;10016;15;10018;23;;;10008.0;0.0
-2;9800;INTARIAN_PEPPER_ROOT;10004;9;10002;21;;;10015;9;10018;21;;;10009.5;0.0
-2;9900;INTARIAN_PEPPER_ROOT;;;;;;;10015;8;;;;;10015.0;0.0
-2;9900;ASH_COATED_OSMIUM;10000;14;9998;25;;;10016;14;10019;25;;;10008.0;0.0
-2;10000;INTARIAN_PEPPER_ROOT;10004;8;10002;24;;;10016;8;10018;24;;;10010.0;0.0
-2;10000;ASH_COATED_OSMIUM;9997;30;;;;;10016;11;10018;30;;;10006.5;0.0
-2;10100;ASH_COATED_OSMIUM;10000;10;;;;;10016;10;10019;25;;;10008.0;0.0
-2;10100;INTARIAN_PEPPER_ROOT;10005;8;10002;16;;;10016;8;10018;16;;;10010.5;0.0
-2;10200;INTARIAN_PEPPER_ROOT;10005;11;;;;;10016;11;10018;17;;;10010.5;0.0
-2;10200;ASH_COATED_OSMIUM;10000;13;9998;29;;;10016;13;10019;29;;;10008.0;0.0
-2;10300;INTARIAN_PEPPER_ROOT;10005;9;10002;16;;;10018;16;;;;;10011.5;0.0
-2;10300;ASH_COATED_OSMIUM;10001;13;9998;23;;;10017;13;10019;23;;;10009.0;0.0
-2;10400;INTARIAN_PEPPER_ROOT;10008;11;10005;9;;;10016;9;10018;16;;;10012.0;0.0
-2;10400;ASH_COATED_OSMIUM;10007;5;10001;10;;;10017;10;10020;22;;;10012.0;0.0
-2;10500;ASH_COATED_OSMIUM;10002;10;9999;20;;;10018;10;10020;20;;;10010.0;0.0
-2;10500;INTARIAN_PEPPER_ROOT;10013;5;10005;9;10002;22;10016;9;10019;22;;;10014.5;0.0
-2;10600;INTARIAN_PEPPER_ROOT;10005;9;10003;22;;;10016;9;10019;22;;;10010.5;0.0
-2;10600;ASH_COATED_OSMIUM;10001;13;9999;29;;;10020;29;;;;;10010.5;0.0
-2;10700;INTARIAN_PEPPER_ROOT;10005;12;;;;;10016;12;10019;18;;;10010.5;0.0
-2;10700;ASH_COATED_OSMIUM;9998;29;;;;;10016;14;10019;29;;;10007.0;0.0
-2;10800;INTARIAN_PEPPER_ROOT;10005;12;10003;21;;;10019;21;;;;;10012.0;0.0
-2;10800;ASH_COATED_OSMIUM;10000;11;9998;22;;;10016;11;10019;22;;;10008.0;0.0
-2;10900;ASH_COATED_OSMIUM;10001;15;9998;21;;;10019;21;;;;;10010.0;0.0
-2;10900;INTARIAN_PEPPER_ROOT;10005;11;10003;22;;;10019;22;;;;;10012.0;0.0
-2;11000;INTARIAN_PEPPER_ROOT;10005;9;10003;17;;;10017;9;;;;;10011.0;0.0
-2;11000;ASH_COATED_OSMIUM;10001;13;9998;27;;;10017;13;10019;27;;;10009.0;0.0
-2;11100;INTARIAN_PEPPER_ROOT;10006;12;10003;15;;;10017;12;10019;15;;;10011.5;0.0
-2;11100;ASH_COATED_OSMIUM;10001;11;;;;;10017;11;10019;29;;;10009.0;0.0
-2;11200;INTARIAN_PEPPER_ROOT;10006;8;;;;;10017;8;;;;;10011.5;0.0
-2;11200;ASH_COATED_OSMIUM;10001;10;9998;20;;;10017;10;10019;20;;;10009.0;0.0
-2;11300;INTARIAN_PEPPER_ROOT;10006;10;10003;21;;;10008;3;10017;10;10019;21;10007.0;0.0
-2;11300;ASH_COATED_OSMIUM;10000;12;9998;21;;;10016;12;10019;21;;;10008.0;0.0
-2;11400;ASH_COATED_OSMIUM;10000;12;9998;30;;;10016;12;10019;30;;;10008.0;0.0
-2;11400;INTARIAN_PEPPER_ROOT;10006;12;;;;;10019;15;;;;;10012.5;0.0
-2;11500;INTARIAN_PEPPER_ROOT;10006;8;10003;23;;;10017;8;10020;23;;;10011.5;0.0
-2;11500;ASH_COATED_OSMIUM;10001;13;9998;24;;;10019;24;;;;;10010.0;0.0
-2;11600;INTARIAN_PEPPER_ROOT;10006;9;10004;21;;;10017;9;10020;21;;;10011.5;0.0
-2;11600;ASH_COATED_OSMIUM;10006;5;;;;;10017;12;10019;30;;;10011.5;0.0
-2;11700;INTARIAN_PEPPER_ROOT;10006;10;;;;;10017;10;10020;19;;;10011.5;0.0
-2;11700;ASH_COATED_OSMIUM;;;;;;;10016;13;;;;;10016.0;0.0
-2;11800;ASH_COATED_OSMIUM;10000;10;9998;29;;;10016;10;10019;29;;;10008.0;0.0
-2;11800;INTARIAN_PEPPER_ROOT;10006;8;10004;21;;;10017;8;10020;21;;;10011.5;0.0
-2;11900;INTARIAN_PEPPER_ROOT;10009;12;10006;8;;;10017;8;10020;21;;;10013.0;0.0
-2;11900;ASH_COATED_OSMIUM;10000;14;9998;22;;;10016;14;10019;22;;;10008.0;0.0
-2;12000;INTARIAN_PEPPER_ROOT;10006;9;;;;;10018;9;10020;20;;;10012.0;0.0
-2;12000;ASH_COATED_OSMIUM;9997;28;;;;;10016;13;10018;28;;;10006.5;0.0
-2;12100;INTARIAN_PEPPER_ROOT;10007;11;10004;21;;;10018;11;;;;;10012.5;0.0
-2;12100;ASH_COATED_OSMIUM;9998;21;;;;;10019;21;;;;;10008.5;0.0
-2;12200;ASH_COATED_OSMIUM;10000;13;;;;;10016;13;10019;23;;;10008.0;0.0
-2;12200;INTARIAN_PEPPER_ROOT;10007;9;10004;21;;;10018;9;;;;;10012.5;0.0
-2;12300;INTARIAN_PEPPER_ROOT;10007;11;10004;18;;;10018;11;;;;;10012.5;0.0
-2;12300;ASH_COATED_OSMIUM;10000;11;;;;;10016;11;;;;;10008.0;0.0
-2;12400;INTARIAN_PEPPER_ROOT;10004;24;;;;;10018;12;10020;24;;;10011.0;0.0
-2;12400;ASH_COATED_OSMIUM;10006;2;10000;15;9998;25;10016;15;10019;25;;;10011.0;0.0
-2;12500;INTARIAN_PEPPER_ROOT;;;;;;;10018;11;10021;23;;;10018.0;0.0
-2;12500;ASH_COATED_OSMIUM;10000;13;9998;28;;;10019;28;;;;;10009.5;0.0
-2;12600;ASH_COATED_OSMIUM;10000;15;;;;;10019;26;;;;;10009.5;0.0
-2;12600;INTARIAN_PEPPER_ROOT;10007;12;10005;16;;;10018;12;10021;16;;;10012.5;0.0
-2;12700;ASH_COATED_OSMIUM;10000;13;9998;22;;;10016;13;10019;22;;;10008.0;0.0
-2;12700;INTARIAN_PEPPER_ROOT;;;;;;;10018;12;;;;;10018.0;0.0
-2;12800;INTARIAN_PEPPER_ROOT;10007;12;10005;17;;;10018;12;10021;17;;;10012.5;0.0
-2;12800;ASH_COATED_OSMIUM;10001;14;9998;20;;;10017;14;10019;20;;;10009.0;0.0
-2;12900;ASH_COATED_OSMIUM;10001;10;9999;20;;;;;;;;;10001.0;0.0
-2;12900;INTARIAN_PEPPER_ROOT;10005;20;;;;;10018;10;10021;20;;;10011.5;0.0
-2;13000;ASH_COATED_OSMIUM;10001;15;9998;30;;;10017;15;10019;30;;;10009.0;0.0
-2;13000;INTARIAN_PEPPER_ROOT;10007;10;;;;;10019;10;10021;25;;;10013.0;0.0
-2;13100;ASH_COATED_OSMIUM;10006;2;;;;;10017;10;10019;21;;;10011.5;0.0
-2;13100;INTARIAN_PEPPER_ROOT;10008;8;10005;25;;;10019;8;10021;25;;;10013.5;0.0
-2;13200;INTARIAN_PEPPER_ROOT;10008;11;;;;;10021;23;;;;;10014.5;0.0
-2;13200;ASH_COATED_OSMIUM;10000;12;9998;22;;;10016;12;10019;22;;;10008.0;0.0
-2;13300;INTARIAN_PEPPER_ROOT;10008;10;10005;21;;;10019;10;10021;21;;;10013.5;0.0
-2;13300;ASH_COATED_OSMIUM;10001;11;9998;27;;;10017;11;10019;27;;;10009.0;0.0
-2;13400;ASH_COATED_OSMIUM;10000;15;9998;27;;;10016;15;10019;27;;;10008.0;0.0
-2;13400;INTARIAN_PEPPER_ROOT;10005;21;;;;;10019;9;10021;21;;;10012.0;0.0
-2;13500;INTARIAN_PEPPER_ROOT;10008;10;10005;16;;;10019;10;10022;16;;;10013.5;0.0
-2;13500;ASH_COATED_OSMIUM;10001;14;9998;27;;;10017;14;;;;;10009.0;0.0
-2;13600;INTARIAN_PEPPER_ROOT;10008;12;10006;25;;;10019;12;10022;25;;;10013.5;0.0
-2;13600;ASH_COATED_OSMIUM;10001;13;9999;24;;;10017;13;10020;24;;;10009.0;0.0
-2;13700;ASH_COATED_OSMIUM;10001;14;9998;20;;;10017;14;10019;20;;;10009.0;0.0
-2;13700;INTARIAN_PEPPER_ROOT;10008;9;10006;22;;;10019;9;;;;;10013.5;0.0
-2;13800;ASH_COATED_OSMIUM;9998;22;;;;;10017;13;10019;22;;;10007.5;0.0
-2;13800;INTARIAN_PEPPER_ROOT;10008;12;10006;24;;;10019;12;10022;24;;;10013.5;0.0
-2;13900;ASH_COATED_OSMIUM;10001;14;9999;20;;;10017;14;10020;20;;;10009.0;0.0
-2;13900;INTARIAN_PEPPER_ROOT;10006;15;;;;;10019;9;10022;15;;;10012.5;0.0
-2;14000;INTARIAN_PEPPER_ROOT;10008;11;10006;16;;;10022;16;;;;;10015.0;0.0
-2;14000;ASH_COATED_OSMIUM;10001;14;9999;25;;;10017;14;;;;;10009.0;0.0
-2;14100;ASH_COATED_OSMIUM;10002;12;9999;25;;;10020;25;;;;;10011.0;0.0
-2;14100;INTARIAN_PEPPER_ROOT;10009;12;10006;22;;;10020;12;10022;22;;;10014.5;0.0
-2;14200;ASH_COATED_OSMIUM;10001;10;9999;23;;;10017;10;;;;;10009.0;0.0
-2;14200;INTARIAN_PEPPER_ROOT;10009;9;10006;18;;;10020;9;10022;18;;;10014.5;0.0
-2;14300;ASH_COATED_OSMIUM;10001;14;9999;23;;;10017;14;;;;;10009.0;0.0
-2;14300;INTARIAN_PEPPER_ROOT;10009;8;10006;23;;;10020;8;10022;23;;;10014.5;0.0
-2;14400;INTARIAN_PEPPER_ROOT;10006;17;;;;;10022;17;;;;;10014.0;0.0
-2;14400;ASH_COATED_OSMIUM;10001;14;;;;;10017;14;;;;;10009.0;0.0
-2;14500;INTARIAN_PEPPER_ROOT;10009;8;10006;17;;;10023;17;;;;;10016.0;0.0
-2;14500;ASH_COATED_OSMIUM;;;;;;;10017;14;10019;30;;;10017.0;0.0
-2;14600;ASH_COATED_OSMIUM;10001;15;9998;20;;;10019;20;;;;;10010.0;0.0
-2;14600;INTARIAN_PEPPER_ROOT;10009;8;10007;18;;;10020;8;;;;;10014.5;0.0
-2;14700;INTARIAN_PEPPER_ROOT;10009;10;10007;19;;;;;;;;;10009.0;0.0
-2;14700;ASH_COATED_OSMIUM;10000;15;9997;20;;;;;;;;;10000.0;0.0
-2;14800;INTARIAN_PEPPER_ROOT;10009;11;10007;25;;;10020;11;10023;25;;;10014.5;0.0
-2;14800;ASH_COATED_OSMIUM;10000;13;9997;28;;;10016;13;10018;28;;;10008.0;0.0
-2;14900;INTARIAN_PEPPER_ROOT;10009;9;10007;16;;;10023;16;;;;;10016.0;0.0
-2;14900;ASH_COATED_OSMIUM;9997;29;;;;;10016;10;;;;;10006.5;0.0
-2;15000;ASH_COATED_OSMIUM;10000;10;;;;;10016;10;10018;21;;;10008.0;0.0
-2;15000;INTARIAN_PEPPER_ROOT;10009;12;10007;25;;;10021;12;10023;25;;;10015.0;0.0
-2;15100;INTARIAN_PEPPER_ROOT;10010;8;10007;17;;;10021;8;10023;17;;;10015.5;0.0
-2;15100;ASH_COATED_OSMIUM;10000;15;9997;29;;;10016;15;10018;29;;;10008.0;0.0
-2;15200;INTARIAN_PEPPER_ROOT;10010;9;;;;;10021;9;10023;15;;;10015.5;0.0
-2;15200;ASH_COATED_OSMIUM;9999;11;9997;28;;;10015;11;10018;28;;;10007.0;0.0
-2;15300;INTARIAN_PEPPER_ROOT;10010;10;;;;;;;;;;;10010.0;0.0
-2;15300;ASH_COATED_OSMIUM;9996;26;;;;;10015;10;10017;26;;;10005.5;0.0
-2;15400;ASH_COATED_OSMIUM;9999;13;9997;22;;;10015;13;10018;22;;;10007.0;0.0
-2;15400;INTARIAN_PEPPER_ROOT;10010;8;10007;25;;;10021;8;10023;25;;;10015.5;0.0
-2;15500;INTARIAN_PEPPER_ROOT;10010;8;;;;;10021;8;10024;18;;;10015.5;0.0
-2;15500;ASH_COATED_OSMIUM;9999;14;9996;24;;;10015;14;10017;24;;;10007.0;0.0
-2;15600;INTARIAN_PEPPER_ROOT;10010;10;10008;22;;;10021;10;10024;22;;;10015.5;0.0
-2;15600;ASH_COATED_OSMIUM;9998;15;9996;25;;;10014;15;;;;;10006.0;0.0
-2;15700;ASH_COATED_OSMIUM;9998;11;9996;29;;;10014;11;10017;29;;;10006.0;0.0
-2;15700;INTARIAN_PEPPER_ROOT;10010;10;10008;21;;;10021;10;10024;21;;;10015.5;0.0
-2;15800;ASH_COATED_OSMIUM;9998;10;;;;;10014;10;10017;20;;;10006.0;0.0
-2;15800;INTARIAN_PEPPER_ROOT;10010;11;10008;24;;;10021;11;;;;;10015.5;0.0
-2;15900;ASH_COATED_OSMIUM;9995;25;;;;;10014;12;10016;25;;;10004.5;0.0
-2;15900;INTARIAN_PEPPER_ROOT;10010;10;10008;18;;;10021;10;10024;18;;;10015.5;0.0
-2;16000;INTARIAN_PEPPER_ROOT;10008;16;;;;;10022;9;10024;16;;;10015.0;0.0
-2;16000;ASH_COATED_OSMIUM;9999;10;9996;21;;;10017;21;;;;;10008.0;0.0
-2;16100;ASH_COATED_OSMIUM;9998;14;;;;;10014;14;10017;25;;;10006.0;0.0
-2;16100;INTARIAN_PEPPER_ROOT;10011;9;;;;;10022;9;10024;16;;;10016.5;0.0
-2;16200;ASH_COATED_OSMIUM;9998;12;;;;;10014;12;10017;29;;;10006.0;0.0
-2;16200;INTARIAN_PEPPER_ROOT;10008;23;;;;;10022;8;10024;23;;;10015.0;0.0
-2;16300;ASH_COATED_OSMIUM;9998;13;9996;30;;;10014;13;10017;30;;;10006.0;0.0
-2;16300;INTARIAN_PEPPER_ROOT;10011;12;10008;22;;;10022;12;;;;;10016.5;0.0
-2;16400;INTARIAN_PEPPER_ROOT;10008;21;;;;;10022;10;10024;21;;;10015.0;0.0
-2;16400;ASH_COATED_OSMIUM;9996;27;;;;;10014;12;10017;27;;;10005.0;0.0
-2;16500;ASH_COATED_OSMIUM;9998;12;9996;26;;;10014;12;10017;26;;;10006.0;0.0
-2;16500;INTARIAN_PEPPER_ROOT;10011;10;10008;23;;;10022;10;10025;23;;;10016.5;0.0
-2;16600;ASH_COATED_OSMIUM;9996;23;;;;;10017;23;;;;;10006.5;0.0
-2;16600;INTARIAN_PEPPER_ROOT;10011;9;10009;20;;;10022;9;10025;20;;;10016.5;0.0
-2;16700;ASH_COATED_OSMIUM;9999;13;9996;24;;;10015;13;10017;24;;;10007.0;0.0
-2;16700;INTARIAN_PEPPER_ROOT;;;;;;;10022;8;;;;;10022.0;0.0
-2;16800;INTARIAN_PEPPER_ROOT;10011;10;10009;18;;;10022;10;;;;;10016.5;0.0
-2;16800;ASH_COATED_OSMIUM;9999;11;;;;;10015;11;10017;21;;;10007.0;0.0
-2;16900;ASH_COATED_OSMIUM;9996;25;;;;;10015;12;10017;25;;;10005.5;0.0
-2;16900;INTARIAN_PEPPER_ROOT;10011;10;10009;19;;;10022;10;10025;19;;;10016.5;0.0
-2;17000;ASH_COATED_OSMIUM;9996;27;;;;;10014;10;10017;27;;;10005.0;0.0
-2;17000;INTARIAN_PEPPER_ROOT;10011;9;10009;23;;;10023;9;;;;;10017.0;0.0
-2;17100;ASH_COATED_OSMIUM;9998;14;;;;;10014;14;10017;25;;;10006.0;0.0
-2;17100;INTARIAN_PEPPER_ROOT;10012;9;;;;;10023;9;10025;18;;;10017.5;0.0
-2;17200;ASH_COATED_OSMIUM;9998;14;9996;30;;;10017;30;;;;;10007.5;0.0
-2;17200;INTARIAN_PEPPER_ROOT;10012;10;10009;15;;;10023;10;10025;15;;;10017.5;0.0
-2;17300;INTARIAN_PEPPER_ROOT;10012;11;10009;16;;;10023;11;10025;16;;;10017.5;0.0
-2;17300;ASH_COATED_OSMIUM;9998;12;9996;24;;;10017;24;;;;;10007.5;0.0
-2;17400;ASH_COATED_OSMIUM;9998;10;9995;26;;;10014;10;10017;26;;;10006.0;0.0
-2;17400;INTARIAN_PEPPER_ROOT;10012;12;10009;23;;;10023;12;10025;23;;;10017.5;0.0
-2;17500;ASH_COATED_OSMIUM;9998;11;;;;;10014;11;10016;21;;;10006.0;0.0
-2;17500;INTARIAN_PEPPER_ROOT;10012;10;;;;;10026;15;;;;;10019.0;0.0
-2;17600;ASH_COATED_OSMIUM;;;;;;;10014;15;10017;29;;;10014.0;0.0
-2;17600;INTARIAN_PEPPER_ROOT;10012;8;10010;17;;;10023;8;10026;17;;;10017.5;0.0
-2;17700;INTARIAN_PEPPER_ROOT;;;;;;;10023;12;10026;19;;;10023.0;0.0
-2;17700;ASH_COATED_OSMIUM;9998;10;9996;26;;;10017;26;;;;;10007.5;0.0
-2;17800;INTARIAN_PEPPER_ROOT;10012;8;10010;20;;;10023;8;10026;20;;;10017.5;0.0
-2;17800;ASH_COATED_OSMIUM;9998;13;9996;29;;;10014;13;10017;29;;;10006.0;0.0
-2;17900;ASH_COATED_OSMIUM;;;;;;;10014;14;10017;20;;;10014.0;0.0
-2;17900;INTARIAN_PEPPER_ROOT;10012;8;10010;16;;;10023;8;10026;16;;;10017.5;0.0
-2;18000;INTARIAN_PEPPER_ROOT;10012;12;10010;24;;;10026;24;;;;;10019.0;0.0
-2;18000;ASH_COATED_OSMIUM;9998;12;9996;29;;;10014;12;10017;29;;;10006.0;0.0
-2;18100;INTARIAN_PEPPER_ROOT;10013;10;10010;21;;;10024;10;10026;21;;;10018.5;0.0
-2;18100;ASH_COATED_OSMIUM;9998;11;9996;26;;;;;;;;;9998.0;0.0
-2;18200;ASH_COATED_OSMIUM;9999;15;9996;28;;;10015;15;;;;;10007.0;0.0
-2;18200;INTARIAN_PEPPER_ROOT;10010;24;;;;;10024;11;10026;24;;;10017.0;0.0
-2;18300;ASH_COATED_OSMIUM;9999;14;9997;27;;;10018;27;;;;;10008.5;0.0
-2;18300;INTARIAN_PEPPER_ROOT;10013;10;10010;18;;;10024;10;10026;18;;;10018.5;0.0
-2;18400;ASH_COATED_OSMIUM;9999;11;9997;20;;;10018;20;;;;;10008.5;0.0
-2;18400;INTARIAN_PEPPER_ROOT;10013;9;;;;;10024;9;10026;24;;;10018.5;0.0
-2;18500;INTARIAN_PEPPER_ROOT;10013;9;10010;22;;;10024;9;10027;22;;;10018.5;0.0
-2;18500;ASH_COATED_OSMIUM;9999;15;9997;26;;;10015;15;10018;26;;;10007.0;0.0
-2;18600;ASH_COATED_OSMIUM;9999;14;9997;30;;;10015;14;10018;30;;;10007.0;0.0
-2;18600;INTARIAN_PEPPER_ROOT;10013;8;10011;17;;;10024;8;10027;17;;;10018.5;0.0
-2;18700;ASH_COATED_OSMIUM;9999;11;9997;30;;;10015;11;10018;30;;;10007.0;0.0
-2;18700;INTARIAN_PEPPER_ROOT;10013;8;10011;20;;;10024;8;10027;20;;;10018.5;0.0
-2;18800;ASH_COATED_OSMIUM;9999;13;9996;24;;;10017;24;;;;;10008.0;0.0
-2;18800;INTARIAN_PEPPER_ROOT;10013;8;10011;25;;;10024;8;;;;;10018.5;0.0
-2;18900;INTARIAN_PEPPER_ROOT;10011;18;;;;;10024;11;;;;;10017.5;0.0
-2;18900;ASH_COATED_OSMIUM;9999;10;9996;23;;;10015;10;10017;23;;;10007.0;0.0
-2;19000;INTARIAN_PEPPER_ROOT;10013;12;10011;23;;;10025;12;10027;23;;;10019.0;0.0
-2;19000;ASH_COATED_OSMIUM;9999;11;9996;23;;;10015;11;10017;23;;;10007.0;0.0
-2;19100;ASH_COATED_OSMIUM;;;;;;;10015;11;10017;23;;;10015.0;0.0
-2;19100;INTARIAN_PEPPER_ROOT;10014;8;;;;;10027;23;;;;;10020.5;0.0
-2;19200;INTARIAN_PEPPER_ROOT;10014;8;10011;16;;;10025;8;10027;16;;;10019.5;0.0
-2;19200;ASH_COATED_OSMIUM;9999;14;;;;;10015;14;10017;24;;;10007.0;0.0
-2;19300;INTARIAN_PEPPER_ROOT;10014;9;10011;18;;;10025;9;10027;18;;;10019.5;0.0
-2;19300;ASH_COATED_OSMIUM;9999;10;9997;29;;;10015;10;10018;29;;;10007.0;0.0
-2;19400;INTARIAN_PEPPER_ROOT;10014;11;;;;;10027;18;;;;;10020.5;0.0
-2;19400;ASH_COATED_OSMIUM;10000;13;9997;22;;;10016;13;10018;22;;;10008.0;0.0
-2;19500;ASH_COATED_OSMIUM;;;;;;;10016;14;10019;29;;;10016.0;0.0
-2;19500;INTARIAN_PEPPER_ROOT;10014;11;;;;;10025;11;;;;;10019.5;0.0
-2;19600;INTARIAN_PEPPER_ROOT;10014;11;10012;17;;;10025;11;10028;17;;;10019.5;0.0
-2;19600;ASH_COATED_OSMIUM;9997;21;;;;;10016;10;10018;21;;;10006.5;0.0
-2;19700;INTARIAN_PEPPER_ROOT;10014;8;10012;22;;;10025;8;;;;;10019.5;0.0
-2;19700;ASH_COATED_OSMIUM;9999;15;9996;25;;;10015;15;;;;;10007.0;0.0
-2;19800;INTARIAN_PEPPER_ROOT;10014;9;10012;24;;;10028;24;;;;;10021.0;0.0
-2;19800;ASH_COATED_OSMIUM;9998;15;9995;23;;;10014;15;10016;23;;;10006.0;0.0
-2;19900;ASH_COATED_OSMIUM;9997;12;9995;24;;;10016;24;;;;;10006.5;0.0
-2;19900;INTARIAN_PEPPER_ROOT;10014;12;10012;25;;;10025;12;10028;25;;;10019.5;0.0
-2;20000;ASH_COATED_OSMIUM;9995;28;;;;;10013;15;;;;;10004.0;0.0
-2;20000;INTARIAN_PEPPER_ROOT;10012;20;;;;;10028;20;;;;;10020.0;0.0
-2;20100;INTARIAN_PEPPER_ROOT;10015;10;10012;15;;;10026;10;10028;15;;;10020.5;0.0
-2;20100;ASH_COATED_OSMIUM;9998;15;;;;;10014;15;10017;30;;;10006.0;0.0
-2;20200;INTARIAN_PEPPER_ROOT;10015;11;10012;17;;;10026;11;10028;17;;;10020.5;0.0
-2;20200;ASH_COATED_OSMIUM;9998;12;9995;27;;;10014;12;10016;27;;;10006.0;0.0
-2;20300;INTARIAN_PEPPER_ROOT;;;;;;;10026;8;10028;20;;;10026.0;0.0
-2;20300;ASH_COATED_OSMIUM;9998;13;9995;24;;;10014;13;;;;;10006.0;0.0
-2;20400;ASH_COATED_OSMIUM;9998;12;9995;25;;;10016;25;;;;;10007.0;0.0
-2;20400;INTARIAN_PEPPER_ROOT;10015;12;10012;15;;;;;;;;;10015.0;0.0
-2;20500;INTARIAN_PEPPER_ROOT;10015;8;10012;18;;;10026;8;10029;18;;;10020.5;0.0
-2;20500;ASH_COATED_OSMIUM;9998;10;9995;24;;;10014;10;;;;;10006.0;0.0
-2;20600;INTARIAN_PEPPER_ROOT;10015;8;10013;24;;;10026;8;10029;24;;;10020.5;0.0
-2;20600;ASH_COATED_OSMIUM;9998;10;;;;;10014;10;;;;;10006.0;0.0
-2;20700;INTARIAN_PEPPER_ROOT;10015;9;10013;19;;;10029;19;;;;;10022.0;0.0
-2;20700;ASH_COATED_OSMIUM;9998;15;9996;22;;;10014;15;10017;22;;;10006.0;0.0
-2;20800;ASH_COATED_OSMIUM;9998;13;;;;;10014;13;10017;21;;;10006.0;0.0
-2;20800;INTARIAN_PEPPER_ROOT;10013;23;;;;;10026;12;10029;23;;;10019.5;0.0
-2;20900;INTARIAN_PEPPER_ROOT;10015;8;10013;16;;;10026;8;10029;16;;;10020.5;0.0
-2;20900;ASH_COATED_OSMIUM;9998;13;9996;28;;;10014;13;10017;28;;;10006.0;0.0
-2;21000;INTARIAN_PEPPER_ROOT;10015;11;10013;24;;;10029;24;;;;;10022.0;0.0
-2;21000;ASH_COATED_OSMIUM;9998;12;9996;28;;;10014;12;10017;28;;;10006.0;0.0
-2;21100;INTARIAN_PEPPER_ROOT;10016;9;10013;24;;;10027;9;10029;24;;;10021.5;0.0
-2;21100;ASH_COATED_OSMIUM;9999;15;9996;22;;;10015;15;10017;22;;;10007.0;0.0
-2;21200;ASH_COATED_OSMIUM;9997;27;;;;;10015;14;10018;27;;;10006.0;0.0
-2;21200;INTARIAN_PEPPER_ROOT;10016;12;10013;25;;;10027;12;10029;25;;;10021.5;0.0
-2;21300;INTARIAN_PEPPER_ROOT;;;;;;;10027;9;10029;23;;;10027.0;0.0
-2;21300;ASH_COATED_OSMIUM;10000;15;;;;;10016;15;10018;27;;;10008.0;0.0
-2;21400;INTARIAN_PEPPER_ROOT;10016;9;10013;20;;;10027;9;10029;20;;;10021.5;0.0
-2;21400;ASH_COATED_OSMIUM;9996;21;;;;;10008;2;10017;21;;;10002.0;0.0
-2;21500;ASH_COATED_OSMIUM;9999;15;;;;;10015;15;;;;;10007.0;0.0
-2;21500;INTARIAN_PEPPER_ROOT;10016;11;10013;16;;;10027;11;10030;16;;;10021.5;0.0
-2;21600;ASH_COATED_OSMIUM;9996;23;;;;;10015;10;10017;23;;;10005.5;0.0
-2;21600;INTARIAN_PEPPER_ROOT;10016;11;10014;18;;;10027;11;10030;18;;;10021.5;0.0
-2;21700;ASH_COATED_OSMIUM;9999;13;9996;22;;;;;;;;;9999.0;0.0
-2;21700;INTARIAN_PEPPER_ROOT;10016;11;10014;18;;;10030;18;;;;;10023.0;0.0
-2;21800;INTARIAN_PEPPER_ROOT;10016;9;10014;25;;;10023;6;10027;9;10030;25;10019.5;0.0
-2;21800;ASH_COATED_OSMIUM;9999;11;9996;25;;;10004;8;10015;11;;;10001.5;0.0
-2;21900;ASH_COATED_OSMIUM;9999;12;9996;21;;;10015;12;10017;21;;;10007.0;0.0
-2;21900;INTARIAN_PEPPER_ROOT;10016;10;10014;18;;;10030;18;;;;;10023.0;0.0
-2;22000;ASH_COATED_OSMIUM;9998;12;9996;24;;;10014;12;10017;24;;;10006.0;0.0
-2;22000;INTARIAN_PEPPER_ROOT;10016;8;;;;;10028;8;;;;;10022.0;0.0
-2;22100;ASH_COATED_OSMIUM;9998;14;9996;25;;;10014;14;10017;25;;;10006.0;0.0
-2;22100;INTARIAN_PEPPER_ROOT;10017;10;;;;;10028;10;10030;19;;;10022.5;0.0
-2;22200;INTARIAN_PEPPER_ROOT;10017;9;10014;24;;;10028;9;10030;24;;;10022.5;0.0
-2;22200;ASH_COATED_OSMIUM;9998;15;9995;25;;;10014;15;10016;25;;;10006.0;0.0
-2;22300;INTARIAN_PEPPER_ROOT;10017;8;10014;23;;;10028;8;10030;23;;;10022.5;0.0
-2;22300;ASH_COATED_OSMIUM;9995;27;;;;;10014;15;10016;27;;;10004.5;0.0
-2;22400;ASH_COATED_OSMIUM;9996;28;;;;;10014;11;10017;28;;;10005.0;0.0
-2;22400;INTARIAN_PEPPER_ROOT;10017;8;10014;17;;;10030;17;;;;;10023.5;0.0
-2;22500;INTARIAN_PEPPER_ROOT;10017;12;10014;16;;;10028;12;10031;16;;;10022.5;0.0
-2;22500;ASH_COATED_OSMIUM;9999;14;;;;;10015;14;10017;29;;;10007.0;0.0
-2;22600;INTARIAN_PEPPER_ROOT;10017;10;10015;22;;;10019;7;10028;10;10031;22;10018.0;0.0
-2;22600;ASH_COATED_OSMIUM;9999;13;;;;;10015;13;10018;22;;;10007.0;0.0
-2;22700;ASH_COATED_OSMIUM;9999;13;9996;27;;;10015;13;10017;27;;;10007.0;0.0
-2;22700;INTARIAN_PEPPER_ROOT;10015;15;;;;;10031;15;;;;;10023.0;0.0
-2;22800;ASH_COATED_OSMIUM;9998;10;9996;20;;;;;;;;;9998.0;0.0
-2;22800;INTARIAN_PEPPER_ROOT;;;;;;;10028;11;10031;23;;;10028.0;0.0
-2;22900;ASH_COATED_OSMIUM;9998;13;;;;;10014;13;10017;21;;;10006.0;0.0
-2;22900;INTARIAN_PEPPER_ROOT;10015;18;;;;;10028;8;10031;18;;;10021.5;0.0
-2;23000;INTARIAN_PEPPER_ROOT;10017;12;10015;24;;;10031;24;;;;;10024.0;0.0
-2;23000;ASH_COATED_OSMIUM;10004;5;9998;13;;;10014;13;10017;24;;;10009.0;0.0
-2;23100;ASH_COATED_OSMIUM;9995;21;;;;;;;;;;;9995.0;0.0
-2;23100;INTARIAN_PEPPER_ROOT;10015;23;;;;;10029;8;10031;23;;;10022.0;0.0
-2;23200;ASH_COATED_OSMIUM;9998;13;9995;28;;;10014;13;10016;28;;;10006.0;0.0
-2;23200;INTARIAN_PEPPER_ROOT;10018;10;10015;25;;;10029;10;10031;25;;;10023.5;0.0
-2;23300;INTARIAN_PEPPER_ROOT;10018;12;10015;19;;;10029;12;10031;19;;;10023.5;0.0
-2;23300;ASH_COATED_OSMIUM;9998;15;9995;20;;;;;;;;;9998.0;0.0
-2;23400;INTARIAN_PEPPER_ROOT;10018;8;;;;;10031;25;;;;;10024.5;0.0
-2;23400;ASH_COATED_OSMIUM;9998;10;9995;21;;;10014;10;10016;21;;;10006.0;0.0
-2;23500;INTARIAN_PEPPER_ROOT;10018;9;;;;;10029;9;;;;;10023.5;0.0
-2;23500;ASH_COATED_OSMIUM;9998;14;;;;;10014;14;10016;22;;;10006.0;0.0
-2;23600;ASH_COATED_OSMIUM;9995;22;;;;;10014;14;10016;22;;;10004.5;0.0
-2;23600;INTARIAN_PEPPER_ROOT;10018;8;10016;20;;;10029;8;10032;20;;;10023.5;0.0
-2;23700;INTARIAN_PEPPER_ROOT;10018;11;;;;;10032;22;;;;;10025.0;0.0
-2;23700;ASH_COATED_OSMIUM;9997;14;9995;26;;;10013;14;10016;26;;;10005.0;0.0
-2;23800;INTARIAN_PEPPER_ROOT;10018;10;10016;18;;;10029;10;10032;18;;;10023.5;0.0
-2;23800;ASH_COATED_OSMIUM;9997;12;9995;27;;;10003;7;10013;12;10016;27;10000.0;0.0
-2;23900;INTARIAN_PEPPER_ROOT;10018;10;10016;24;;;;;;;;;10018.0;0.0
-2;23900;ASH_COATED_OSMIUM;9997;14;9994;23;;;10013;14;10015;23;;;10005.0;0.0
-2;24000;ASH_COATED_OSMIUM;9997;14;9994;24;;;10013;14;10015;24;;;10005.0;0.0
-2;24000;INTARIAN_PEPPER_ROOT;10016;19;;;;;;;;;;;10016.0;0.0
-2;24100;INTARIAN_PEPPER_ROOT;10019;10;10016;16;;;10032;16;;;;;10025.5;0.0
-2;24100;ASH_COATED_OSMIUM;9997;13;9994;29;;;10013;13;10015;29;;;10005.0;0.0
-2;24200;INTARIAN_PEPPER_ROOT;10019;9;10016;20;;;10030;9;;;;;10024.5;0.0
-2;24200;ASH_COATED_OSMIUM;9994;30;;;;;10013;12;;;;;10003.5;0.0
-2;24300;INTARIAN_PEPPER_ROOT;10019;8;10016;24;;;10030;8;10032;24;;;10024.5;0.0
-2;24300;ASH_COATED_OSMIUM;9997;15;9994;29;;;10013;15;10015;29;;;10005.0;0.0
-2;24400;ASH_COATED_OSMIUM;9996;14;9994;28;;;10012;14;10015;28;;;10004.0;0.0
-2;24400;INTARIAN_PEPPER_ROOT;10019;11;10016;19;;;10030;11;10032;19;;;10024.5;0.0
-2;24500;ASH_COATED_OSMIUM;9996;15;9994;20;;;10012;15;10015;20;;;10004.0;0.0
-2;24500;INTARIAN_PEPPER_ROOT;10019;8;10016;22;;;10030;8;10033;22;;;10024.5;0.0
-2;24600;INTARIAN_PEPPER_ROOT;10019;9;10017;22;;;10030;9;10033;22;;;10024.5;0.0
-2;24600;ASH_COATED_OSMIUM;9996;10;9994;28;;;10012;10;10015;28;;;10004.0;0.0
-2;24700;ASH_COATED_OSMIUM;9997;10;9994;27;;;10013;10;;;;;10005.0;0.0
-2;24700;INTARIAN_PEPPER_ROOT;10019;8;10017;21;;;;;;;;;10019.0;0.0
-2;24800;ASH_COATED_OSMIUM;9997;14;9994;21;;;10013;14;10015;21;;;10005.0;0.0
-2;24800;INTARIAN_PEPPER_ROOT;10019;8;10017;19;;;10030;8;;;;;10024.5;0.0
-2;24900;ASH_COATED_OSMIUM;10006;4;9997;11;;;10013;11;10015;26;;;10009.5;0.0
-2;24900;INTARIAN_PEPPER_ROOT;10017;15;;;;;10030;11;10033;15;;;10023.5;0.0
-2;25000;INTARIAN_PEPPER_ROOT;;;;;;;10027;8;10031;12;;;10027.0;0.0
-2;25000;ASH_COATED_OSMIUM;9997;15;;;;;10013;15;10015;22;;;10005.0;0.0
-2;25100;ASH_COATED_OSMIUM;9997;14;9994;24;;;10015;24;;;;;10006.0;0.0
-2;25100;INTARIAN_PEPPER_ROOT;10020;11;10017;23;;;10031;11;10033;23;;;10025.5;0.0
-2;25200;ASH_COATED_OSMIUM;9997;13;;;;;10013;13;10015;25;;;10005.0;0.0
-2;25200;INTARIAN_PEPPER_ROOT;10020;12;10017;18;;;10031;12;;;;;10025.5;0.0
-2;25300;ASH_COATED_OSMIUM;9996;14;9994;23;;;10015;23;;;;;10005.5;0.0
-2;25300;INTARIAN_PEPPER_ROOT;10020;10;10017;22;;;10031;10;10033;22;;;10025.5;0.0
-2;25400;INTARIAN_PEPPER_ROOT;;;;;;;10031;8;10033;19;;;10031.0;0.0
-2;25400;ASH_COATED_OSMIUM;9996;10;9994;22;;;10012;10;10015;22;;;10004.0;0.0
-2;25500;ASH_COATED_OSMIUM;9996;15;9994;29;;;10012;15;10015;29;;;10004.0;0.0
-2;25500;INTARIAN_PEPPER_ROOT;10020;12;10017;19;;;10031;12;10034;19;;;10025.5;0.0
-2;25600;ASH_COATED_OSMIUM;9997;15;9994;29;;;10013;15;10015;29;;;10005.0;0.0
-2;25600;INTARIAN_PEPPER_ROOT;10020;11;10018;17;;;10031;11;10034;17;;;10025.5;0.0
-2;25700;ASH_COATED_OSMIUM;9997;13;;;;;10013;13;10015;28;;;10005.0;0.0
-2;25700;INTARIAN_PEPPER_ROOT;10020;9;10018;18;;;10031;9;10034;18;;;10025.5;0.0
-2;25800;INTARIAN_PEPPER_ROOT;10018;23;;;;;10031;9;10034;23;;;10024.5;0.0
-2;25800;ASH_COATED_OSMIUM;9997;11;9994;23;;;10013;11;10015;23;;;10005.0;0.0
-2;25900;INTARIAN_PEPPER_ROOT;10020;12;10018;22;;;10031;12;10034;22;;;10025.5;0.0
-2;25900;ASH_COATED_OSMIUM;9997;11;9994;24;;;10013;11;;;;;10005.0;0.0
-2;26000;ASH_COATED_OSMIUM;;;;;;;10012;11;10015;24;;;10012.0;0.0
-2;26000;INTARIAN_PEPPER_ROOT;10020;9;10018;18;;;10032;9;10034;18;;;10026.0;0.0
-2;26100;ASH_COATED_OSMIUM;9996;12;9994;21;;;10012;12;10015;21;;;10004.0;0.0
-2;26100;INTARIAN_PEPPER_ROOT;10021;9;10018;25;;;10032;9;10034;25;;;10026.5;0.0
-2;26200;ASH_COATED_OSMIUM;9996;12;9993;30;;;10012;12;10014;30;;;10004.0;0.0
-2;26200;INTARIAN_PEPPER_ROOT;10018;19;;;;;10032;8;10034;19;;;10025.0;0.0
-2;26300;INTARIAN_PEPPER_ROOT;10021;12;10018;25;;;10032;12;;;;;10026.5;0.0
-2;26300;ASH_COATED_OSMIUM;9996;13;9993;28;;;10012;13;10014;28;;;10004.0;0.0
-2;26400;ASH_COATED_OSMIUM;9996;14;;;;;10012;14;10015;24;;;10004.0;0.0
-2;26400;INTARIAN_PEPPER_ROOT;10021;10;10018;15;;;10032;10;10034;15;;;10026.5;0.0
-2;26500;ASH_COATED_OSMIUM;9996;13;9993;25;;;10012;13;10014;25;;;10004.0;0.0
-2;26500;INTARIAN_PEPPER_ROOT;10021;12;10018;18;;;10032;12;10035;18;;;10026.5;0.0
-2;26600;ASH_COATED_OSMIUM;9996;15;9994;22;;;10012;15;;;;;10004.0;0.0
-2;26600;INTARIAN_PEPPER_ROOT;10021;12;10019;18;;;10032;12;;;;;10026.5;0.0
-2;26700;INTARIAN_PEPPER_ROOT;10021;10;;;;;10032;10;10035;21;;;10026.5;0.0
-2;26700;ASH_COATED_OSMIUM;9994;22;;;;;10012;11;10015;22;;;10003.0;0.0
-2;26800;INTARIAN_PEPPER_ROOT;10021;8;10019;25;;;10035;25;;;;;10028.0;0.0
-2;26800;ASH_COATED_OSMIUM;9996;12;9994;22;;;10012;12;10015;22;;;10004.0;0.0
-2;26900;ASH_COATED_OSMIUM;9996;14;9993;26;;;;;;;;;9996.0;0.0
-2;26900;INTARIAN_PEPPER_ROOT;10019;24;;;;;10032;9;10035;24;;;10025.5;0.0
-2;27000;INTARIAN_PEPPER_ROOT;10021;10;10019;18;;;10035;18;;;;;10028.0;0.0
-2;27000;ASH_COATED_OSMIUM;9996;10;9993;21;;;10012;10;10014;21;;;10004.0;0.0
-2;27100;INTARIAN_PEPPER_ROOT;10022;8;10019;17;;;10035;17;;;;;10028.5;0.0
-2;27100;ASH_COATED_OSMIUM;;;;;;;10015;30;;;;;10015.0;0.0
-2;27200;ASH_COATED_OSMIUM;9994;28;;;;;10015;28;;;;;10004.5;0.0
-2;27200;INTARIAN_PEPPER_ROOT;10022;9;;;;;;;;;;;10022.0;0.0
-2;27300;ASH_COATED_OSMIUM;9996;15;9994;30;;;10012;15;10015;30;;;10004.0;0.0
-2;27300;INTARIAN_PEPPER_ROOT;10022;10;10019;21;;;;;;;;;10022.0;0.0
-2;27400;ASH_COATED_OSMIUM;9994;23;;;;;10012;15;10015;23;;;10003.0;0.0
-2;27400;INTARIAN_PEPPER_ROOT;10022;10;10019;24;;;10035;24;;;;;10028.5;0.0
-2;27500;INTARIAN_PEPPER_ROOT;10019;15;;;;;10033;11;10036;15;;;10026.0;0.0
-2;27500;ASH_COATED_OSMIUM;9996;12;9993;26;;;10012;12;10014;26;;;10004.0;0.0
-2;27600;ASH_COATED_OSMIUM;9996;15;9993;29;;;10012;15;10014;29;;;10004.0;0.0
-2;27600;INTARIAN_PEPPER_ROOT;10022;12;10020;19;;;10033;12;;;;;10027.5;0.0
-2;27700;ASH_COATED_OSMIUM;9996;13;9993;27;;;10012;13;10014;27;;;10004.0;0.0
-2;27700;INTARIAN_PEPPER_ROOT;10022;12;10020;21;;;10033;12;10036;21;;;10027.5;0.0
-2;27800;INTARIAN_PEPPER_ROOT;10022;9;10020;17;;;10033;9;10036;17;;;10027.5;0.0
-2;27800;ASH_COATED_OSMIUM;9995;13;;;;;10011;13;10014;23;;;10003.0;0.0
-2;27900;INTARIAN_PEPPER_ROOT;10022;11;10020;15;;;10033;11;;;;;10027.5;0.0
-2;27900;ASH_COATED_OSMIUM;9995;12;9992;22;;;10011;12;10013;22;;;10003.0;0.0
-2;28000;INTARIAN_PEPPER_ROOT;10022;11;;;;;10034;11;10036;16;;;10028.0;0.0
-2;28000;ASH_COATED_OSMIUM;9995;10;9992;29;;;10013;29;;;;;10004.0;0.0
-2;28100;ASH_COATED_OSMIUM;9995;15;;;;;;;;;;;9995.0;0.0
-2;28100;INTARIAN_PEPPER_ROOT;10023;12;10020;22;;;10036;22;;;;;10029.5;0.0
-2;28200;INTARIAN_PEPPER_ROOT;10020;21;;;;;10034;12;10036;21;;;10027.0;0.0
-2;28200;ASH_COATED_OSMIUM;9996;12;9993;23;;;;;;;;;9996.0;0.0
-2;28300;INTARIAN_PEPPER_ROOT;10023;10;;;;;10034;10;10036;21;;;10028.5;0.0
-2;28300;ASH_COATED_OSMIUM;9995;14;9993;27;;;10011;14;10014;27;;;10003.0;0.0
-2;28400;INTARIAN_PEPPER_ROOT;10023;10;10020;17;;;;;;;;;10023.0;0.0
-2;28400;ASH_COATED_OSMIUM;10001;2;9995;11;9993;23;10011;11;10014;23;;;10006.0;0.0
-2;28500;ASH_COATED_OSMIUM;9995;15;9993;25;;;10014;25;;;;;10004.5;0.0
-2;28500;INTARIAN_PEPPER_ROOT;10023;10;10020;22;;;10034;10;10037;22;;;10028.5;0.0
-2;28600;INTARIAN_PEPPER_ROOT;10023;8;;;;;10034;8;10037;24;;;10028.5;0.0
-2;28600;ASH_COATED_OSMIUM;;;;;;;10011;10;10013;24;;;10011.0;0.0
-2;28700;INTARIAN_PEPPER_ROOT;10023;12;10021;23;;;10034;12;10037;23;;;10028.5;0.0
-2;28700;ASH_COATED_OSMIUM;10000;4;9995;10;;;10011;10;10013;30;;;10005.5;0.0
-2;28800;INTARIAN_PEPPER_ROOT;10021;24;;;;;10034;9;10037;24;;;10027.5;0.0
-2;28800;ASH_COATED_OSMIUM;9995;12;9993;27;;;10011;12;10014;27;;;10003.0;0.0
-2;28900;INTARIAN_PEPPER_ROOT;;;;;;;10034;11;10037;23;;;10034.0;0.0
-2;28900;ASH_COATED_OSMIUM;9995;10;9993;22;;;10011;10;10014;22;;;10003.0;0.0
-2;29000;ASH_COATED_OSMIUM;9995;12;9992;24;;;;;;;;;9995.0;0.0
-2;29000;INTARIAN_PEPPER_ROOT;10023;8;10021;17;;;10037;17;;;;;10030.0;0.0
-2;29100;INTARIAN_PEPPER_ROOT;10024;12;10021;16;;;10035;12;10037;16;;;10029.5;0.0
-2;29100;ASH_COATED_OSMIUM;9992;21;;;;;10013;21;;;;;10002.5;0.0
-2;29200;INTARIAN_PEPPER_ROOT;10024;8;10021;23;;;10035;8;;;;;10029.5;0.0
-2;29200;ASH_COATED_OSMIUM;9995;10;9992;30;;;10011;10;10013;30;;;10003.0;0.0
-2;29300;INTARIAN_PEPPER_ROOT;10021;23;;;;;10035;10;10037;23;;;10028.0;0.0
-2;29300;ASH_COATED_OSMIUM;9992;23;;;;;10013;23;;;;;10002.5;0.0
-2;29400;ASH_COATED_OSMIUM;9995;12;;;;;10011;12;;;;;10003.0;0.0
-2;29400;INTARIAN_PEPPER_ROOT;10024;9;10021;22;;;10035;9;10037;22;;;10029.5;0.0
-2;29500;INTARIAN_PEPPER_ROOT;10024;8;10021;19;;;10035;8;10038;19;;;10029.5;0.0
-2;29500;ASH_COATED_OSMIUM;9995;14;;;;;;;;;;;9995.0;0.0
-2;29600;INTARIAN_PEPPER_ROOT;10024;9;10022;24;;;10035;9;10038;24;;;10029.5;0.0
-2;29600;ASH_COATED_OSMIUM;9995;12;;;;;10011;12;10013;22;;;10003.0;0.0
-2;29700;INTARIAN_PEPPER_ROOT;10024;8;10022;17;;;10035;8;10038;17;;;10029.5;0.0
-2;29700;ASH_COATED_OSMIUM;9995;13;9992;29;;;;;;;;;9995.0;0.0
-2;29800;ASH_COATED_OSMIUM;9992;20;;;;;10010;13;10013;20;;;10001.0;0.0
-2;29800;INTARIAN_PEPPER_ROOT;10024;10;10022;22;;;10035;10;10038;22;;;10029.5;0.0
-2;29900;INTARIAN_PEPPER_ROOT;10024;9;;;;;10035;9;10038;21;;;10029.5;0.0
-2;29900;ASH_COATED_OSMIUM;9995;15;;;;;10013;27;;;;;10004.0;0.0
-2;30000;INTARIAN_PEPPER_ROOT;10022;24;;;;;10038;24;;;;;10030.0;0.0
-2;30000;ASH_COATED_OSMIUM;9995;11;;;;;10011;11;10014;27;;;10003.0;0.0
-2;30100;INTARIAN_PEPPER_ROOT;10025;10;;;;;10038;22;;;;;10031.5;0.0
-2;30100;ASH_COATED_OSMIUM;9995;10;;;;;10011;10;10014;21;;;10003.0;0.0
-2;30200;ASH_COATED_OSMIUM;9996;12;;;;;10012;12;10014;27;;;10004.0;0.0
-2;30200;INTARIAN_PEPPER_ROOT;;;;;;;10036;12;;;;;10036.0;0.0
-2;30300;INTARIAN_PEPPER_ROOT;10025;10;10022;19;;;10036;10;10038;19;;;10030.5;0.0
-2;30300;ASH_COATED_OSMIUM;9995;11;9993;28;;;10011;11;10014;28;;;10003.0;0.0
-2;30400;INTARIAN_PEPPER_ROOT;10022;19;;;;;10036;8;10038;19;;;10029.0;0.0
-2;30400;ASH_COATED_OSMIUM;9995;15;;;;;10011;15;10014;29;;;10003.0;0.0
-2;30500;ASH_COATED_OSMIUM;9995;10;;;;;10011;10;10014;20;;;10003.0;0.0
-2;30500;INTARIAN_PEPPER_ROOT;;;;;;;10032;8;10036;9;10039;18;10032.0;0.0
-2;30600;ASH_COATED_OSMIUM;9995;12;9993;29;;;10011;12;10014;29;;;10003.0;0.0
-2;30600;INTARIAN_PEPPER_ROOT;10025;9;10023;21;;;10036;9;10039;21;;;10030.5;0.0
-2;30700;ASH_COATED_OSMIUM;9996;11;;;;;10012;11;10014;24;;;10004.0;0.0
-2;30700;INTARIAN_PEPPER_ROOT;10023;21;;;;;10036;10;10039;21;;;10029.5;0.0
-2;30800;INTARIAN_PEPPER_ROOT;10025;11;10023;23;;;10039;23;;;;;10032.0;0.0
-2;30800;ASH_COATED_OSMIUM;9995;14;;;;;10011;14;10014;29;;;10003.0;0.0
-2;30900;ASH_COATED_OSMIUM;9995;14;9993;29;;;10011;14;10014;29;;;10003.0;0.0
-2;30900;INTARIAN_PEPPER_ROOT;;;;;;;10036;10;10039;16;;;10036.0;0.0
-2;31000;ASH_COATED_OSMIUM;;;;;;;10014;28;;;;;10014.0;0.0
-2;31000;INTARIAN_PEPPER_ROOT;10025;10;10023;22;;;10037;10;;;;;10031.0;0.0
-2;31100;INTARIAN_PEPPER_ROOT;10026;9;;;;;;;;;;;10026.0;0.0
-2;31100;ASH_COATED_OSMIUM;;;;;;;10011;15;10014;25;;;10011.0;0.0
-2;31200;INTARIAN_PEPPER_ROOT;10026;9;10023;23;;;;;;;;;10026.0;0.0
-2;31200;ASH_COATED_OSMIUM;9995;11;9992;24;;;10013;24;;;;;10004.0;0.0
-2;31300;INTARIAN_PEPPER_ROOT;;;;;;;10037;10;;;;;10037.0;0.0
-2;31300;ASH_COATED_OSMIUM;9995;13;9992;22;;;10011;13;10013;22;;;10003.0;0.0
-2;31400;ASH_COATED_OSMIUM;9995;10;9993;24;;;10011;10;;;;;10003.0;0.0
-2;31400;INTARIAN_PEPPER_ROOT;10026;9;10023;21;;;10037;9;10039;21;;;10031.5;0.0
-2;31500;ASH_COATED_OSMIUM;9996;13;;;;;10012;13;10014;30;;;10004.0;0.0
-2;31500;INTARIAN_PEPPER_ROOT;10026;8;;;;;10037;8;10040;21;;;10031.5;0.0
-2;31600;INTARIAN_PEPPER_ROOT;10026;8;10024;23;;;10037;8;;;;;10031.5;0.0
-2;31600;ASH_COATED_OSMIUM;9996;14;9993;22;;;10014;22;;;;;10005.0;0.0
-2;31700;ASH_COATED_OSMIUM;9995;14;9993;25;;;10011;14;10014;25;;;10003.0;0.0
-2;31700;INTARIAN_PEPPER_ROOT;10026;11;10024;23;;;10037;11;10040;23;;;10031.5;0.0
-2;31800;ASH_COATED_OSMIUM;9995;12;9993;23;;;10011;12;10014;23;;;10003.0;0.0
-2;31800;INTARIAN_PEPPER_ROOT;10026;11;;;;;10037;11;10040;15;;;10031.5;0.0
-2;31900;ASH_COATED_OSMIUM;9996;14;9993;29;;;10012;14;10014;29;;;10004.0;0.0
-2;31900;INTARIAN_PEPPER_ROOT;10026;10;10024;20;;;10037;10;;;;;10031.5;0.0
-2;32000;INTARIAN_PEPPER_ROOT;10026;11;10024;17;;;10038;11;10040;17;;;10032.0;0.0
-2;32000;ASH_COATED_OSMIUM;9995;10;9993;22;;;10011;10;10014;22;;;10003.0;0.0
-2;32100;ASH_COATED_OSMIUM;10005;10;9993;22;;;10011;11;10014;22;;;10008.0;0.0
-2;32100;INTARIAN_PEPPER_ROOT;10027;11;;;;;10038;11;;;;;10032.5;0.0
-2;32200;ASH_COATED_OSMIUM;9996;10;9993;30;;;10012;10;10014;30;;;10004.0;0.0
-2;32200;INTARIAN_PEPPER_ROOT;10027;12;10024;20;;;10038;12;10040;20;;;10032.5;0.0
-2;32300;INTARIAN_PEPPER_ROOT;10027;10;10024;19;;;10040;19;;;;;10033.5;0.0
-2;32300;ASH_COATED_OSMIUM;9996;14;9993;20;;;10012;14;10014;20;;;10004.0;0.0
-2;32400;INTARIAN_PEPPER_ROOT;;;;;;;10038;9;;;;;10038.0;0.0
-2;32400;ASH_COATED_OSMIUM;10005;10;9996;10;9993;30;10012;10;;;;;10008.5;0.0
-2;32500;INTARIAN_PEPPER_ROOT;10027;12;10024;20;;;10038;12;;;;;10032.5;0.0
-2;32500;ASH_COATED_OSMIUM;9996;13;9993;20;;;10012;13;10014;20;;;10004.0;0.0
-2;32600;ASH_COATED_OSMIUM;9996;15;9994;21;;;10015;21;;;;;10005.5;0.0
-2;32600;INTARIAN_PEPPER_ROOT;10027;9;;;;;10038;9;10041;17;;;10032.5;0.0
-2;32700;INTARIAN_PEPPER_ROOT;10027;8;10025;24;;;10038;8;10041;24;;;10032.5;0.0
-2;32700;ASH_COATED_OSMIUM;9997;10;;;;;;;;;;;9997.0;0.0
-2;32800;INTARIAN_PEPPER_ROOT;10027;12;10025;24;;;10038;12;10041;24;;;10032.5;0.0
-2;32800;ASH_COATED_OSMIUM;9997;14;9994;24;;;10013;14;10015;24;;;10005.0;0.0
-2;32900;INTARIAN_PEPPER_ROOT;10027;8;10025;16;;;10041;16;;;;;10034.0;0.0
-2;32900;ASH_COATED_OSMIUM;9994;30;;;;;10015;30;;;;;10004.5;0.0
-2;33000;ASH_COATED_OSMIUM;9997;13;;;;;10013;13;10015;26;;;10005.0;0.0
-2;33000;INTARIAN_PEPPER_ROOT;10027;12;10025;25;;;10039;12;;;;;10033.0;0.0
-2;33100;INTARIAN_PEPPER_ROOT;10028;9;10025;18;;;10039;9;10041;18;;;10033.5;0.0
-2;33100;ASH_COATED_OSMIUM;9995;27;;;;;10016;27;;;;;10005.5;0.0
-2;33200;INTARIAN_PEPPER_ROOT;10028;9;10025;23;;;10039;9;10041;23;;;10033.5;0.0
-2;33200;ASH_COATED_OSMIUM;9997;13;9995;20;;;10013;13;10016;20;;;10005.0;0.0
-2;33300;ASH_COATED_OSMIUM;10003;2;9995;24;;;10013;10;10016;24;;;10008.0;0.0
-2;33300;INTARIAN_PEPPER_ROOT;10025;21;;;;;10039;10;10041;21;;;10032.0;0.0
-2;33400;ASH_COATED_OSMIUM;10003;2;9997;13;9995;28;10013;13;10016;28;;;10008.0;0.0
-2;33400;INTARIAN_PEPPER_ROOT;10028;11;10025;20;;;10039;11;10041;20;;;10033.5;0.0
-2;33500;ASH_COATED_OSMIUM;9994;26;;;;;10013;15;;;;;10003.5;0.0
-2;33500;INTARIAN_PEPPER_ROOT;10028;9;;;;;10039;9;10042;19;;;10033.5;0.0
-2;33600;INTARIAN_PEPPER_ROOT;10028;9;10026;22;;;10039;9;10042;22;;;10033.5;0.0
-2;33600;ASH_COATED_OSMIUM;9996;11;;;;;10012;11;10015;26;;;10004.0;0.0
-2;33700;ASH_COATED_OSMIUM;9996;13;;;;;10012;13;;;;;10004.0;0.0
-2;33700;INTARIAN_PEPPER_ROOT;10028;10;10026;16;;;10035;5;10039;10;10042;16;10031.5;0.0
-2;33800;ASH_COATED_OSMIUM;;;;;;;;;;;;;0.0;0.0
-2;33800;INTARIAN_PEPPER_ROOT;10028;11;;;;;10039;11;10042;17;;;10033.5;0.0
-2;33900;ASH_COATED_OSMIUM;9997;15;9994;21;;;10013;15;10015;21;;;10005.0;0.0
-2;33900;INTARIAN_PEPPER_ROOT;10026;17;;;;;;;;;;;10026.0;0.0
-2;34000;INTARIAN_PEPPER_ROOT;10028;8;10026;21;;;10040;8;;;;;10034.0;0.0
-2;34000;ASH_COATED_OSMIUM;9996;15;9994;26;;;10012;15;10015;26;;;10004.0;0.0
-2;34100;ASH_COATED_OSMIUM;9996;10;9994;23;;;10012;10;10015;23;;;10004.0;0.0
-2;34100;INTARIAN_PEPPER_ROOT;10029;12;10026;19;;;;;;;;;10029.0;0.0
-2;34200;ASH_COATED_OSMIUM;9994;21;;;;;10012;10;10015;21;;;10003.0;0.0
-2;34200;INTARIAN_PEPPER_ROOT;10029;12;10026;16;;;10040;12;10042;16;;;10034.5;0.0
-2;34300;ASH_COATED_OSMIUM;9996;11;;;;;10012;11;10015;27;;;10004.0;0.0
-2;34300;INTARIAN_PEPPER_ROOT;;;;;;;10040;12;10042;18;;;10040.0;0.0
-2;34400;INTARIAN_PEPPER_ROOT;10029;10;10026;20;;;10042;20;;;;;10035.5;0.0
-2;34400;ASH_COATED_OSMIUM;9996;15;9994;29;;;10012;15;;;;;10004.0;0.0
-2;34500;ASH_COATED_OSMIUM;9996;14;9994;23;;;10015;23;;;;;10005.5;0.0
-2;34500;INTARIAN_PEPPER_ROOT;10026;21;;;;;10040;12;10043;21;;;10033.0;0.0
-2;34600;ASH_COATED_OSMIUM;9997;10;9994;28;;;10013;10;;;;;10005.0;0.0
-2;34600;INTARIAN_PEPPER_ROOT;10029;10;10027;15;;;10043;15;;;;;10036.0;0.0
-2;34700;ASH_COATED_OSMIUM;9996;15;9994;29;;;10015;29;;;;;10005.5;0.0
-2;34700;INTARIAN_PEPPER_ROOT;10027;16;;;;;10040;10;10043;16;;;10033.5;0.0
-2;34800;ASH_COATED_OSMIUM;9994;23;;;;;10012;13;10015;23;;;10003.0;0.0
-2;34800;INTARIAN_PEPPER_ROOT;10029;11;10027;15;;;10040;11;10043;15;;;10034.5;0.0
-2;34900;INTARIAN_PEPPER_ROOT;10027;19;;;;;10040;11;;;;;10033.5;0.0
-2;34900;ASH_COATED_OSMIUM;9994;26;;;;;10015;26;;;;;10004.5;0.0
-2;35000;ASH_COATED_OSMIUM;9997;12;9995;21;;;10013;12;10016;21;;;10005.0;0.0
-2;35000;INTARIAN_PEPPER_ROOT;10029;11;;;;;10041;11;10043;18;;;10035.0;0.0
-2;35100;ASH_COATED_OSMIUM;9997;10;9995;22;;;10013;10;10016;22;;;10005.0;0.0
-2;35100;INTARIAN_PEPPER_ROOT;10030;10;10027;17;;;10032;6;10037;5;10041;10;10031.0;0.0
-2;35200;ASH_COATED_OSMIUM;9997;13;;;;;10013;13;10015;26;;;10005.0;0.0
-2;35200;INTARIAN_PEPPER_ROOT;10030;11;10027;20;;;10032;5;10043;20;;;10031.0;0.0
-2;35300;INTARIAN_PEPPER_ROOT;10027;25;;;;;10043;25;;;;;10035.0;0.0
-2;35300;ASH_COATED_OSMIUM;9997;15;9995;21;;;10013;15;10016;21;;;10005.0;0.0
-2;35400;ASH_COATED_OSMIUM;9997;10;9995;22;;;10013;10;10016;22;;;10005.0;0.0
-2;35400;INTARIAN_PEPPER_ROOT;10030;11;10027;16;;;10041;11;;;;;10035.5;0.0
-2;35500;ASH_COATED_OSMIUM;9994;22;;;;;;;;;;;9994.0;0.0
-2;35500;INTARIAN_PEPPER_ROOT;10027;23;;;;;10041;8;;;;;10034.0;0.0
-2;35600;INTARIAN_PEPPER_ROOT;;;;;;;10041;9;;;;;10041.0;0.0
-2;35600;ASH_COATED_OSMIUM;9997;10;;;;;10006;3;10013;10;10015;27;10001.5;0.0
-2;35700;INTARIAN_PEPPER_ROOT;10030;9;10028;22;;;10044;22;;;;;10037.0;0.0
-2;35700;ASH_COATED_OSMIUM;9997;15;9995;24;;;10013;15;10016;24;;;10005.0;0.0
-2;35800;INTARIAN_PEPPER_ROOT;10028;17;;;;;10041;8;;;;;10034.5;0.0
-2;35800;ASH_COATED_OSMIUM;9994;26;;;;;10013;10;10015;26;;;10003.5;0.0
-2;35900;ASH_COATED_OSMIUM;9997;11;;;;;10013;11;10015;22;;;10005.0;0.0
-2;35900;INTARIAN_PEPPER_ROOT;10030;10;10028;22;;;10044;22;;;;;10037.0;0.0
-2;36000;ASH_COATED_OSMIUM;10006;10;;;;;10013;12;10015;28;;;10009.5;0.0
-2;36000;INTARIAN_PEPPER_ROOT;10030;8;10028;19;;;10042;8;;;;;10036.0;0.0
-2;36100;INTARIAN_PEPPER_ROOT;10031;8;10028;22;;;10042;8;;;;;10036.5;0.0
-2;36100;ASH_COATED_OSMIUM;9997;15;;;;;10013;15;10015;29;;;10005.0;0.0
-2;36200;ASH_COATED_OSMIUM;9997;15;9994;28;;;10016;28;;;;;10006.5;0.0
-2;36200;INTARIAN_PEPPER_ROOT;10031;10;10028;18;;;10042;10;10044;18;;;10036.5;0.0
-2;36300;ASH_COATED_OSMIUM;9997;10;;;;;10013;10;10015;25;;;10005.0;0.0
-2;36300;INTARIAN_PEPPER_ROOT;10031;8;10028;22;;;10042;8;10044;22;;;10036.5;0.0
-2;36400;ASH_COATED_OSMIUM;9994;30;;;;;10013;12;;;;;10003.5;0.0
-2;36400;INTARIAN_PEPPER_ROOT;10031;9;10028;20;;;10042;9;10044;20;;;10036.5;0.0
-2;36500;INTARIAN_PEPPER_ROOT;10031;11;10028;20;;;10042;11;10045;20;;;10036.5;0.0
-2;36500;ASH_COATED_OSMIUM;9994;24;;;;;10013;12;;;;;10003.5;0.0
-2;36600;ASH_COATED_OSMIUM;9997;15;9994;29;;;10015;29;;;;;10006.0;0.0
-2;36600;INTARIAN_PEPPER_ROOT;10031;9;10029;15;;;10042;9;;;;;10036.5;0.0
-2;36700;ASH_COATED_OSMIUM;9996;14;9994;30;;;10012;14;10015;30;;;10004.0;0.0
-2;36700;INTARIAN_PEPPER_ROOT;10029;25;;;;;10042;11;10045;25;;;10035.5;0.0
-2;36800;INTARIAN_PEPPER_ROOT;10031;11;10029;16;;;10042;11;10045;16;;;10036.5;0.0
-2;36800;ASH_COATED_OSMIUM;9994;22;;;;;10012;14;10015;22;;;10003.0;0.0
-2;36900;INTARIAN_PEPPER_ROOT;10031;12;10029;16;;;10042;12;;;;;10036.5;0.0
-2;36900;ASH_COATED_OSMIUM;9996;15;9994;22;;;10012;15;10015;22;;;10004.0;0.0
-2;37000;INTARIAN_PEPPER_ROOT;10031;8;10029;20;;;10043;8;;;;;10037.0;0.0
-2;37000;ASH_COATED_OSMIUM;9996;12;9994;26;;;10012;12;10015;26;;;10004.0;0.0
-2;37100;ASH_COATED_OSMIUM;9994;20;;;;;10012;14;10015;20;;;10003.0;0.0
-2;37100;INTARIAN_PEPPER_ROOT;10029;23;;;;;10043;10;10045;23;;;10036.0;0.0
-2;37200;INTARIAN_PEPPER_ROOT;10029;16;;;;;10043;10;;;;;10036.0;0.0
-2;37200;ASH_COATED_OSMIUM;9996;15;9994;27;;;10012;15;;;;;10004.0;0.0
-2;37300;INTARIAN_PEPPER_ROOT;10032;8;10029;17;;;10043;8;10045;17;;;10037.5;0.0
-2;37300;ASH_COATED_OSMIUM;9996;12;9994;21;;;10012;12;10015;21;;;10004.0;0.0
-2;37400;INTARIAN_PEPPER_ROOT;10032;8;10029;19;;;10043;8;10045;19;;;10037.5;0.0
-2;37400;ASH_COATED_OSMIUM;10002;5;9997;15;9994;30;10013;15;10015;30;;;10007.5;0.0
-2;37500;ASH_COATED_OSMIUM;9997;10;;;;;10013;10;10015;22;;;10005.0;0.0
-2;37500;INTARIAN_PEPPER_ROOT;10032;10;10029;23;;;10043;10;10046;23;;;10037.5;0.0
-2;37600;INTARIAN_PEPPER_ROOT;10032;10;10030;22;;;10043;10;;;;;10037.5;0.0
-2;37600;ASH_COATED_OSMIUM;9997;13;9995;22;;;10013;13;10016;22;;;10005.0;0.0
-2;37700;INTARIAN_PEPPER_ROOT;;;;;;;10043;12;10046;16;;;10043.0;0.0
-2;37700;ASH_COATED_OSMIUM;9997;10;9995;20;;;10013;10;;;;;10005.0;0.0
-2;37800;INTARIAN_PEPPER_ROOT;10032;8;;;;;10043;8;10046;18;;;10037.5;0.0
-2;37800;ASH_COATED_OSMIUM;9998;13;9995;20;;;10014;13;10016;20;;;10006.0;0.0
-2;37900;INTARIAN_PEPPER_ROOT;10040;4;10032;12;10030;24;10043;12;10046;24;;;10041.5;0.0
-2;37900;ASH_COATED_OSMIUM;9998;14;9995;24;;;;;;;;;9998.0;0.0
-2;38000;ASH_COATED_OSMIUM;9997;14;9995;25;;;10016;25;;;;;10006.5;0.0
-2;38000;INTARIAN_PEPPER_ROOT;10032;12;10030;21;;;10044;12;10046;21;;;10038.0;0.0
-2;38100;INTARIAN_PEPPER_ROOT;10030;22;;;;;10044;9;10046;22;;;10037.0;0.0
-2;38100;ASH_COATED_OSMIUM;9997;15;9995;26;;;10013;15;;;;;10005.0;0.0
-2;38200;INTARIAN_PEPPER_ROOT;10033;10;10030;17;;;10044;10;10046;17;;;10038.5;0.0
-2;38200;ASH_COATED_OSMIUM;;;;;;;10013;12;10016;20;;;10013.0;0.0
-2;38300;INTARIAN_PEPPER_ROOT;10030;16;;;;;10044;10;10046;16;;;10037.0;0.0
-2;38300;ASH_COATED_OSMIUM;9996;13;9994;20;;;10006;5;10012;13;10015;20;10001.0;0.0
-2;38400;ASH_COATED_OSMIUM;9996;13;9993;24;;;10012;13;10014;24;;;10004.0;0.0
-2;38400;INTARIAN_PEPPER_ROOT;10030;22;;;;;10044;9;;;;;10037.0;0.0
-2;38500;INTARIAN_PEPPER_ROOT;10033;9;;;;;10044;9;10047;25;;;10038.5;0.0
-2;38500;ASH_COATED_OSMIUM;9996;15;9993;21;;;10012;15;10014;21;;;10004.0;0.0
-2;38600;INTARIAN_PEPPER_ROOT;10033;9;10031;23;;;10047;23;;;;;10040.0;0.0
-2;38600;ASH_COATED_OSMIUM;9996;14;9994;27;;;;;;;;;9996.0;0.0
-2;38700;INTARIAN_PEPPER_ROOT;10033;12;;;;;10044;12;10047;21;;;10038.5;0.0
-2;38700;ASH_COATED_OSMIUM;9997;11;;;;;10015;30;;;;;10006.0;0.0
-2;38800;ASH_COATED_OSMIUM;9997;15;9994;22;;;10015;22;;;;;10006.0;0.0
-2;38800;INTARIAN_PEPPER_ROOT;10033;8;10031;19;;;10044;8;10047;19;;;10038.5;0.0
-2;38900;INTARIAN_PEPPER_ROOT;10033;10;10031;16;;;10044;10;10047;16;;;10038.5;0.0
-2;38900;ASH_COATED_OSMIUM;9994;21;;;;;10015;21;;;;;10004.5;0.0
-2;39000;INTARIAN_PEPPER_ROOT;10033;12;10031;24;;;10045;12;10047;24;;;10039.0;0.0
-2;39000;ASH_COATED_OSMIUM;9996;12;9994;28;;;10012;12;10015;28;;;10004.0;0.0
-2;39100;INTARIAN_PEPPER_ROOT;10034;12;10031;20;;;10045;12;10047;20;;;10039.5;0.0
-2;39100;ASH_COATED_OSMIUM;9996;13;9994;25;;;10012;13;10015;25;;;10004.0;0.0
-2;39200;ASH_COATED_OSMIUM;;;;;;;10012;10;10014;20;;;10012.0;0.0
-2;39200;INTARIAN_PEPPER_ROOT;10034;10;10031;25;;;;;;;;;10034.0;0.0
-2;39300;ASH_COATED_OSMIUM;;;;;;;10012;15;;;;;10012.0;0.0
-2;39300;INTARIAN_PEPPER_ROOT;10037;10;10034;12;10031;17;10045;12;10047;17;;;10041.0;0.0
-2;39400;INTARIAN_PEPPER_ROOT;10034;11;;;;;10045;11;10047;25;;;10039.5;0.0
-2;39400;ASH_COATED_OSMIUM;9996;11;9994;24;;;10012;11;10015;24;;;10004.0;0.0
-2;39500;ASH_COATED_OSMIUM;9997;13;9994;29;;;10013;13;10015;29;;;10005.0;0.0
-2;39500;INTARIAN_PEPPER_ROOT;10034;10;;;;;10045;10;10048;18;;;10039.5;0.0
-2;39600;ASH_COATED_OSMIUM;10002;5;9997;15;;;10013;15;;;;;10007.5;0.0
-2;39600;INTARIAN_PEPPER_ROOT;10034;11;10032;22;;;10045;11;;;;;10039.5;0.0
-2;39700;ASH_COATED_OSMIUM;9997;11;9995;21;;;10013;11;10016;21;;;10005.0;0.0
-2;39700;INTARIAN_PEPPER_ROOT;10034;11;10032;18;;;10045;11;10048;18;;;10039.5;0.0
-2;39800;INTARIAN_PEPPER_ROOT;10034;9;10032;21;;;10048;21;;;;;10041.0;0.0
-2;39800;ASH_COATED_OSMIUM;9995;24;;;;;10013;14;;;;;10004.0;0.0
-2;39900;ASH_COATED_OSMIUM;9997;12;9995;23;;;10013;12;;;;;10005.0;0.0
-2;39900;INTARIAN_PEPPER_ROOT;10042;6;10032;22;;;10045;9;10048;22;;;10043.5;0.0
-2;40000;ASH_COATED_OSMIUM;9997;12;9995;27;;;10013;12;10016;27;;;10005.0;0.0
-2;40000;INTARIAN_PEPPER_ROOT;10034;12;10032;19;;;10048;19;;;;;10041.0;0.0
-2;40100;INTARIAN_PEPPER_ROOT;10035;8;10032;24;;;;;;;;;10035.0;0.0
-2;40100;ASH_COATED_OSMIUM;9997;11;9995;26;;;10013;11;10016;26;;;10005.0;0.0
-2;40200;INTARIAN_PEPPER_ROOT;10035;9;10032;25;;;10046;9;10048;25;;;10040.5;0.0
-2;40200;ASH_COATED_OSMIUM;9998;12;9995;27;;;10014;12;10016;27;;;10006.0;0.0
-2;40300;INTARIAN_PEPPER_ROOT;10035;9;;;;;10048;20;;;;;10041.5;0.0
-2;40300;ASH_COATED_OSMIUM;10003;3;9997;11;9995;28;10013;11;10016;28;;;10008.0;0.0
-2;40400;ASH_COATED_OSMIUM;9997;10;9994;30;;;10013;10;10015;30;;;10005.0;0.0
-2;40400;INTARIAN_PEPPER_ROOT;;;;;;;10046;8;10048;25;;;10046.0;0.0
-2;40500;ASH_COATED_OSMIUM;9997;14;9994;29;;;10013;14;;;;;10005.0;0.0
-2;40500;INTARIAN_PEPPER_ROOT;10035;10;10032;18;;;10046;10;;;;;10040.5;0.0
-2;40600;INTARIAN_PEPPER_ROOT;10035;11;10033;21;;;10046;11;10049;21;;;10040.5;0.0
-2;40600;ASH_COATED_OSMIUM;9997;15;;;;;10015;29;;;;;10006.0;0.0
-2;40700;ASH_COATED_OSMIUM;9996;13;9994;24;;;10012;13;10015;24;;;10004.0;0.0
-2;40700;INTARIAN_PEPPER_ROOT;10035;12;10033;22;;;10046;12;10049;22;;;10040.5;0.0
-2;40800;ASH_COATED_OSMIUM;9996;10;9993;24;;;10012;10;10014;24;;;10004.0;0.0
-2;40800;INTARIAN_PEPPER_ROOT;10035;9;10033;24;;;10046;9;10049;24;;;10040.5;0.0
-2;40900;ASH_COATED_OSMIUM;9996;14;;;;;10013;14;10015;23;;;10004.5;0.0
-2;40900;INTARIAN_PEPPER_ROOT;10035;9;10033;20;;;10046;9;10049;20;;;10040.5;0.0
-2;41000;INTARIAN_PEPPER_ROOT;10035;11;10033;20;;;10047;11;10049;20;;;10041.0;0.0
-2;41000;ASH_COATED_OSMIUM;9997;13;9994;24;;;10002;6;10013;13;10015;24;9999.5;0.0
-2;41100;INTARIAN_PEPPER_ROOT;;;;;;;10049;23;;;;;10049.0;0.0
-2;41100;ASH_COATED_OSMIUM;10002;4;9996;14;9994;26;10012;14;10015;26;;;10007.0;0.0
-2;41200;ASH_COATED_OSMIUM;9996;12;;;;;10002;10;10012;12;10015;25;9999.0;0.0
-2;41200;INTARIAN_PEPPER_ROOT;10033;24;;;;;10047;8;10049;24;;;10040.0;0.0
-2;41300;INTARIAN_PEPPER_ROOT;10036;12;;;;;10047;12;;;;;10041.5;0.0
-2;41300;ASH_COATED_OSMIUM;9996;10;9994;28;;;10012;10;;;;;10004.0;0.0
-2;41400;INTARIAN_PEPPER_ROOT;;;;;;;10047;11;;;;;10047.0;0.0
-2;41400;ASH_COATED_OSMIUM;9996;13;;;;;10012;13;10015;30;;;10004.0;0.0
-2;41500;INTARIAN_PEPPER_ROOT;10036;10;;;;;10047;10;10050;16;;;10041.5;0.0
-2;41500;ASH_COATED_OSMIUM;9996;13;9994;21;;;10012;13;10015;21;;;10004.0;0.0
-2;41600;ASH_COATED_OSMIUM;9996;12;;;;;10012;12;10015;23;;;10004.0;0.0
-2;41600;INTARIAN_PEPPER_ROOT;10036;9;10034;21;;;10047;9;10050;21;;;10041.5;0.0
-2;41700;INTARIAN_PEPPER_ROOT;10034;17;;;;;10047;11;;;;;10040.5;0.0
-2;41700;ASH_COATED_OSMIUM;9996;12;;;;;10012;12;10015;28;;;10004.0;0.0
-2;41800;INTARIAN_PEPPER_ROOT;10036;11;10034;16;;;10047;11;10050;16;;;10041.5;0.0
-2;41800;ASH_COATED_OSMIUM;10002;3;9996;11;9994;29;;;;;;;10002.0;0.0
-2;41900;INTARIAN_PEPPER_ROOT;10036;10;10034;25;;;10047;10;10050;25;;;10041.5;0.0
-2;41900;ASH_COATED_OSMIUM;9996;14;;;;;10012;14;10014;30;;;10004.0;0.0
-2;42000;ASH_COATED_OSMIUM;9996;11;9994;20;;;10006;4;10012;11;;;10001.0;0.0
-2;42000;INTARIAN_PEPPER_ROOT;10036;8;10034;25;;;10048;8;10050;25;;;10042.0;0.0
-2;42100;INTARIAN_PEPPER_ROOT;;;;;;;10048;11;;;;;10048.0;0.0
-2;42100;ASH_COATED_OSMIUM;10002;5;9997;10;9994;20;10015;20;;;;;10008.5;0.0
-2;42200;INTARIAN_PEPPER_ROOT;10034;22;;;;;10048;12;10050;22;;;10041.0;0.0
-2;42200;ASH_COATED_OSMIUM;;;;;;;10013;15;10015;20;;;10013.0;0.0
-2;42300;ASH_COATED_OSMIUM;9997;13;9994;24;;;10013;13;10015;24;;;10005.0;0.0
-2;42300;INTARIAN_PEPPER_ROOT;10037;11;10034;17;;;10050;17;;;;;10043.5;0.0
-2;42400;ASH_COATED_OSMIUM;9996;14;9994;25;;;10012;14;10015;25;;;10004.0;0.0
-2;42400;INTARIAN_PEPPER_ROOT;10037;11;10034;22;;;10050;22;;;;;10043.5;0.0
-2;42500;ASH_COATED_OSMIUM;9994;22;;;;;10006;5;10012;14;10015;22;10000.0;0.0
-2;42500;INTARIAN_PEPPER_ROOT;10037;11;10034;19;;;10051;19;;;;;10044.0;0.0
-2;42600;INTARIAN_PEPPER_ROOT;10037;11;10035;19;;;10051;19;;;;;10044.0;0.0
-2;42600;ASH_COATED_OSMIUM;9996;13;;;;;10012;13;;;;;10004.0;0.0
-2;42700;ASH_COATED_OSMIUM;9995;10;;;;;10011;10;10014;23;;;10003.0;0.0
-2;42700;INTARIAN_PEPPER_ROOT;10037;8;10035;19;;;10048;8;10051;19;;;10042.5;0.0
-2;42800;ASH_COATED_OSMIUM;9995;11;9993;25;;;10011;11;;;;;10003.0;0.0
-2;42800;INTARIAN_PEPPER_ROOT;10037;10;10035;22;;;10048;10;10051;22;;;10042.5;0.0
-2;42900;ASH_COATED_OSMIUM;9995;15;;;;;10011;15;10014;26;;;10003.0;0.0
-2;42900;INTARIAN_PEPPER_ROOT;10037;11;10035;25;;;10048;11;10051;25;;;10042.5;0.0
-2;43000;INTARIAN_PEPPER_ROOT;10037;9;;;;;10049;9;10051;16;;;10043.0;0.0
-2;43000;ASH_COATED_OSMIUM;9995;10;9992;21;;;10011;10;10013;21;;;10003.0;0.0
-2;43100;ASH_COATED_OSMIUM;9995;10;;;;;10011;10;;;;;10003.0;0.0
-2;43100;INTARIAN_PEPPER_ROOT;10038;11;10035;20;;;10049;11;;;;;10043.5;0.0
-2;43200;ASH_COATED_OSMIUM;;;;;;;10011;11;10013;28;;;10011.0;0.0
-2;43200;INTARIAN_PEPPER_ROOT;10038;12;10035;20;;;10049;12;10051;20;;;10043.5;0.0
-2;43300;ASH_COATED_OSMIUM;9995;13;9992;23;;;10011;13;10013;23;;;10003.0;0.0
-2;43300;INTARIAN_PEPPER_ROOT;10038;8;10035;23;;;10049;8;10051;23;;;10043.5;0.0
-2;43400;INTARIAN_PEPPER_ROOT;10038;10;10035;22;;;10049;10;10051;22;;;10043.5;0.0
-2;43400;ASH_COATED_OSMIUM;9995;14;;;;;10011;14;10014;28;;;10003.0;0.0
-2;43500;ASH_COATED_OSMIUM;9995;11;9993;22;;;10011;11;10014;22;;;10003.0;0.0
-2;43500;INTARIAN_PEPPER_ROOT;10038;11;10035;17;;;10052;17;;;;;10045.0;0.0
-2;43600;ASH_COATED_OSMIUM;9993;20;;;;;10001;8;10011;11;;;9997.0;0.0
-2;43600;INTARIAN_PEPPER_ROOT;10038;8;;;;;10049;8;;;;;10043.5;0.0
-2;43700;ASH_COATED_OSMIUM;9995;11;9993;29;;;10011;11;10014;29;;;10003.0;0.0
-2;43700;INTARIAN_PEPPER_ROOT;10038;9;;;;;10049;9;;;;;10043.5;0.0
-2;43800;ASH_COATED_OSMIUM;;;;;;;;;;;;;0.0;0.0
-2;43800;INTARIAN_PEPPER_ROOT;10038;10;10036;18;;;10049;10;10052;18;;;10043.5;0.0
-2;43900;INTARIAN_PEPPER_ROOT;10038;12;10036;15;;;10049;12;10052;15;;;10043.5;0.0
-2;43900;ASH_COATED_OSMIUM;;;;;;;10014;22;;;;;10014.0;0.0
-2;44000;ASH_COATED_OSMIUM;9993;29;;;;;;;;;;;9993.0;0.0
-2;44000;INTARIAN_PEPPER_ROOT;10038;10;10036;21;;;10050;10;10052;21;;;10044.0;0.0
-2;44100;ASH_COATED_OSMIUM;9996;13;9993;30;;;10012;13;10014;30;;;10004.0;0.0
-2;44100;INTARIAN_PEPPER_ROOT;10039;10;10036;18;;;10052;18;;;;;10045.5;0.0
-2;44200;ASH_COATED_OSMIUM;9995;12;;;;;10014;26;;;;;10004.5;0.0
-2;44200;INTARIAN_PEPPER_ROOT;10039;12;10036;22;;;10050;12;10052;22;;;10044.5;0.0
-2;44300;INTARIAN_PEPPER_ROOT;10036;16;;;;;10050;9;10052;16;;;10043.0;0.0
-2;44300;ASH_COATED_OSMIUM;9993;27;;;;;10012;14;10014;27;;;10002.5;0.0
-2;44400;ASH_COATED_OSMIUM;9995;13;9993;21;;;10014;21;;;;;10004.5;0.0
-2;44400;INTARIAN_PEPPER_ROOT;10039;8;;;;;10052;25;;;;;10045.5;0.0
-2;44500;ASH_COATED_OSMIUM;9995;11;;;;;10011;11;10013;27;;;10003.0;0.0
-2;44500;INTARIAN_PEPPER_ROOT;10036;21;;;;;10053;21;;;;;10044.5;0.0
-2;44600;INTARIAN_PEPPER_ROOT;10037;20;;;;;10050;12;10053;20;;;10043.5;0.0
-2;44600;ASH_COATED_OSMIUM;9995;14;9992;26;;;10011;14;10013;26;;;10003.0;0.0
-2;44700;INTARIAN_PEPPER_ROOT;10039;10;10037;21;;;;;;;;;10039.0;0.0
-2;44700;ASH_COATED_OSMIUM;9995;12;9992;27;;;10011;12;10013;27;;;10003.0;0.0
-2;44800;ASH_COATED_OSMIUM;9992;23;;;;;10013;23;;;;;10002.5;0.0
-2;44800;INTARIAN_PEPPER_ROOT;10039;12;10037;15;;;10050;12;10053;15;;;10044.5;0.0
-2;44900;ASH_COATED_OSMIUM;;;;;;;10011;15;10014;30;;;10011.0;0.0
-2;44900;INTARIAN_PEPPER_ROOT;10037;18;;;;;10050;12;10053;18;;;10043.5;0.0
-2;45000;ASH_COATED_OSMIUM;9995;10;;;;;10004;5;10011;10;10013;23;9999.5;0.0
-2;45000;INTARIAN_PEPPER_ROOT;10039;11;10037;24;;;10051;11;10053;24;;;10045.0;0.0
-2;45100;INTARIAN_PEPPER_ROOT;10048;4;10040;12;10037;17;10051;12;;;;;10049.5;0.0
-2;45100;ASH_COATED_OSMIUM;9995;13;9992;25;;;10011;13;10013;25;;;10003.0;0.0
-2;45200;ASH_COATED_OSMIUM;9995;12;9992;24;;;10011;12;10013;24;;;10003.0;0.0
-2;45200;INTARIAN_PEPPER_ROOT;10040;10;10037;22;;;10051;10;10053;22;;;10045.5;0.0
-2;45300;ASH_COATED_OSMIUM;9995;10;9992;29;;;10011;10;10013;29;;;10003.0;0.0
-2;45300;INTARIAN_PEPPER_ROOT;10037;21;;;;;10051;10;;;;;10044.0;0.0
-2;45400;ASH_COATED_OSMIUM;9995;11;9992;24;;;10011;11;;;;;10003.0;0.0
-2;45400;INTARIAN_PEPPER_ROOT;10040;8;10037;24;;;10051;8;10053;24;;;10045.5;0.0
-2;45500;INTARIAN_PEPPER_ROOT;10040;9;10037;21;;;10051;9;;;;;10045.5;0.0
-2;45500;ASH_COATED_OSMIUM;9995;10;;;;;10014;28;;;;;10004.5;0.0
-2;45600;INTARIAN_PEPPER_ROOT;10038;24;;;;;10051;9;10054;24;;;10044.5;0.0
-2;45600;ASH_COATED_OSMIUM;9995;12;9992;27;;;10011;12;10013;27;;;10003.0;0.0
-2;45700;ASH_COATED_OSMIUM;9995;12;9992;21;;;10011;12;10013;21;;;10003.0;0.0
-2;45700;INTARIAN_PEPPER_ROOT;10040;9;;;;;10051;9;10054;21;;;10045.5;0.0
-2;45800;INTARIAN_PEPPER_ROOT;10040;12;10038;15;;;10051;12;10054;15;;;10045.5;0.0
-2;45800;ASH_COATED_OSMIUM;9992;20;;;;;10011;13;10013;20;;;10001.5;0.0
-2;45900;INTARIAN_PEPPER_ROOT;10038;16;;;;;10051;8;10054;16;;;10044.5;0.0
-2;45900;ASH_COATED_OSMIUM;9996;11;9993;26;;;10014;26;;;;;10005.0;0.0
-2;46000;INTARIAN_PEPPER_ROOT;10038;15;;;;;10052;9;10054;15;;;10045.0;0.0
-2;46000;ASH_COATED_OSMIUM;9996;15;9994;26;;;10015;26;;;;;10005.5;0.0
-2;46100;ASH_COATED_OSMIUM;10005;10;9996;10;9993;23;10014;23;;;;;10009.5;0.0
-2;46100;INTARIAN_PEPPER_ROOT;10041;11;10038;23;;;10052;11;10054;23;;;10046.5;0.0
-2;46200;INTARIAN_PEPPER_ROOT;10041;9;10038;22;;;;;;;;;10041.0;0.0
-2;46200;ASH_COATED_OSMIUM;9997;11;9994;20;;;10013;11;;;;;10005.0;0.0
-2;46300;INTARIAN_PEPPER_ROOT;10041;10;;;;;10052;10;10054;21;;;10046.5;0.0
-2;46300;ASH_COATED_OSMIUM;9996;10;9994;23;;;10012;10;10015;23;;;10004.0;0.0
-2;46400;INTARIAN_PEPPER_ROOT;10049;4;10041;8;10038;19;10052;8;10054;19;;;10050.5;0.0
-2;46400;ASH_COATED_OSMIUM;9997;11;9994;26;;;10013;11;10015;26;;;10005.0;0.0
-2;46500;ASH_COATED_OSMIUM;9997;12;9994;24;;;10013;12;10015;24;;;10005.0;0.0
-2;46500;INTARIAN_PEPPER_ROOT;10041;8;10038;21;;;10052;8;;;;;10046.5;0.0
-2;46600;INTARIAN_PEPPER_ROOT;10041;8;;;;;10052;8;10055;21;;;10046.5;0.0
-2;46600;ASH_COATED_OSMIUM;9997;10;9994;21;;;10013;10;10015;21;;;10005.0;0.0
-2;46700;INTARIAN_PEPPER_ROOT;;;;;;;10052;11;10055;19;;;10052.0;0.0
-2;46700;ASH_COATED_OSMIUM;9994;27;;;;;10006;2;10012;13;10015;27;10000.0;0.0
-2;46800;INTARIAN_PEPPER_ROOT;10041;10;10039;25;;;10052;10;10055;25;;;10046.5;0.0
-2;46800;ASH_COATED_OSMIUM;9996;10;9994;30;;;10012;10;10015;30;;;10004.0;0.0
-2;46900;INTARIAN_PEPPER_ROOT;10041;12;;;;;10052;12;10055;25;;;10046.5;0.0
-2;46900;ASH_COATED_OSMIUM;9996;10;9994;30;;;10012;10;10015;30;;;10004.0;0.0
-2;47000;ASH_COATED_OSMIUM;9996;11;;;;;10012;11;;;;;10004.0;0.0
-2;47000;INTARIAN_PEPPER_ROOT;10041;12;10039;22;;;10053;12;10055;22;;;10047.0;0.0
-2;47100;INTARIAN_PEPPER_ROOT;10042;9;10039;20;;;10053;9;10055;20;;;10047.5;0.0
-2;47100;ASH_COATED_OSMIUM;9996;15;9994;26;;;10012;15;;;;;10004.0;0.0
-2;47200;INTARIAN_PEPPER_ROOT;10042;12;10039;18;;;10053;12;;;;;10047.5;0.0
-2;47200;ASH_COATED_OSMIUM;9996;15;9994;25;;;;;;;;;9996.0;0.0
-2;47300;INTARIAN_PEPPER_ROOT;10039;25;;;;;10053;10;10055;25;;;10046.0;0.0
-2;47300;ASH_COATED_OSMIUM;9996;14;9993;29;;;10012;14;10014;29;;;10004.0;0.0
-2;47400;ASH_COATED_OSMIUM;9996;11;;;;;10012;11;;;;;10004.0;0.0
-2;47400;INTARIAN_PEPPER_ROOT;10039;21;;;;;10053;12;;;;;10046.0;0.0
-2;47500;INTARIAN_PEPPER_ROOT;10042;11;10039;25;;;10056;25;;;;;10049.0;0.0
-2;47500;ASH_COATED_OSMIUM;9996;10;9994;26;;;10012;10;;;;;10004.0;0.0
-2;47600;INTARIAN_PEPPER_ROOT;10040;23;;;;;10053;10;10056;23;;;10046.5;0.0
-2;47600;ASH_COATED_OSMIUM;9997;10;9994;26;;;10013;10;10015;26;;;10005.0;0.0
-2;47700;INTARIAN_PEPPER_ROOT;10042;8;10040;23;;;10056;23;;;;;10049.0;0.0
-2;47700;ASH_COATED_OSMIUM;9995;22;;;;;10014;14;10016;22;;;10004.5;0.0
-2;47800;ASH_COATED_OSMIUM;9998;15;;;;;10014;15;;;;;10006.0;0.0
-2;47800;INTARIAN_PEPPER_ROOT;10042;11;10040;15;;;10053;11;10056;15;;;10047.5;0.0
-2;47900;INTARIAN_PEPPER_ROOT;10042;11;10040;19;;;10053;11;10056;19;;;10047.5;0.0
-2;47900;ASH_COATED_OSMIUM;9998;14;9995;24;;;10014;14;10016;24;;;10006.0;0.0
-2;48000;INTARIAN_PEPPER_ROOT;10042;10;10040;18;;;10054;10;;;;;10048.0;0.0
-2;48000;ASH_COATED_OSMIUM;9998;13;9995;28;;;10014;13;10016;28;;;10006.0;0.0
-2;48100;INTARIAN_PEPPER_ROOT;10043;11;10040;24;;;10054;11;10056;24;;;10048.5;0.0
-2;48100;ASH_COATED_OSMIUM;9996;22;;;;;10014;15;10017;22;;;10005.0;0.0
-2;48200;ASH_COATED_OSMIUM;;;;;;;10014;15;10017;24;;;10014.0;0.0
-2;48200;INTARIAN_PEPPER_ROOT;10043;11;10040;20;;;10054;11;10056;20;;;10048.5;0.0
-2;48300;ASH_COATED_OSMIUM;9996;26;;;;;10014;14;;;;;10005.0;0.0
-2;48300;INTARIAN_PEPPER_ROOT;10043;11;10040;16;;;10054;11;10056;16;;;10048.5;0.0
-2;48400;INTARIAN_PEPPER_ROOT;10043;8;10040;24;;;10054;8;;;;;10048.5;0.0
-2;48400;ASH_COATED_OSMIUM;9996;28;;;;;10014;10;10017;28;;;10005.0;0.0
-2;48500;ASH_COATED_OSMIUM;9998;12;9996;25;;;10014;12;10017;25;;;10006.0;0.0
-2;48500;INTARIAN_PEPPER_ROOT;10043;9;10040;23;;;10054;9;10057;23;;;10048.5;0.0
-2;48600;ASH_COATED_OSMIUM;9998;10;9996;22;;;10014;10;10017;22;;;10006.0;0.0
-2;48600;INTARIAN_PEPPER_ROOT;10043;11;10041;25;;;10054;11;10057;25;;;10048.5;0.0
-2;48700;ASH_COATED_OSMIUM;9998;11;9996;21;;;10014;11;10017;21;;;10006.0;0.0
-2;48700;INTARIAN_PEPPER_ROOT;10043;12;;;;;10054;12;10057;20;;;10048.5;0.0
-2;48800;INTARIAN_PEPPER_ROOT;10043;9;10041;22;;;;;;;;;10043.0;0.0
-2;48800;ASH_COATED_OSMIUM;9998;12;9996;24;;;10017;24;;;;;10007.5;0.0
-2;48900;INTARIAN_PEPPER_ROOT;10041;17;;;;;10054;8;;;;;10047.5;0.0
-2;48900;ASH_COATED_OSMIUM;9999;14;9996;27;;;10015;14;;;;;10007.0;0.0
-2;49000;ASH_COATED_OSMIUM;9998;13;9996;20;;;10014;13;10017;20;;;10006.0;0.0
-2;49000;INTARIAN_PEPPER_ROOT;10043;12;;;;;10055;12;10057;25;;;10049.0;0.0
-2;49100;INTARIAN_PEPPER_ROOT;10044;11;10041;18;;;10055;11;10057;18;;;10049.5;0.0
-2;49100;ASH_COATED_OSMIUM;9996;27;;;;;10017;27;;;;;10006.5;0.0
-2;49200;INTARIAN_PEPPER_ROOT;10041;17;;;;;10055;10;10057;17;;;10048.0;0.0
-2;49200;ASH_COATED_OSMIUM;9998;10;9995;29;;;10014;10;10016;29;;;10006.0;0.0
-2;49300;ASH_COATED_OSMIUM;9997;15;9995;22;;;10013;15;10016;22;;;10005.0;0.0
-2;49300;INTARIAN_PEPPER_ROOT;10041;21;;;;;10055;8;10057;21;;;10048.0;0.0
-2;49400;ASH_COATED_OSMIUM;9997;13;9994;21;;;10013;13;10016;21;;;10005.0;0.0
-2;49400;INTARIAN_PEPPER_ROOT;10044;9;;;;;10055;9;10057;22;;;10049.5;0.0
-2;49500;ASH_COATED_OSMIUM;9998;12;9995;29;;;10007;3;10014;12;10016;29;10002.5;0.0
-2;49500;INTARIAN_PEPPER_ROOT;10044;10;10041;15;;;10055;10;10058;15;;;10049.5;0.0
-2;49600;INTARIAN_PEPPER_ROOT;10042;15;;;;;10055;11;10058;15;;;10048.5;0.0
-2;49600;ASH_COATED_OSMIUM;9998;14;9996;29;;;10014;14;10017;29;;;10006.0;0.0
-2;49700;ASH_COATED_OSMIUM;9998;11;9996;27;;;10017;27;;;;;10007.5;0.0
-2;49700;INTARIAN_PEPPER_ROOT;10044;9;10042;25;;;10055;9;10058;25;;;10049.5;0.0
-2;49800;ASH_COATED_OSMIUM;9998;15;9996;24;;;10017;24;;;;;10007.5;0.0
-2;49800;INTARIAN_PEPPER_ROOT;10042;24;;;;;10055;11;10058;24;;;10048.5;0.0
-2;49900;ASH_COATED_OSMIUM;;;;;;;10015;13;10017;22;;;10015.0;0.0
-2;49900;INTARIAN_PEPPER_ROOT;10044;9;;;;;10055;9;10058;18;;;10049.5;0.0
-2;50000;INTARIAN_PEPPER_ROOT;10044;9;10042;18;;;;;;;;;10044.0;0.0
-2;50000;ASH_COATED_OSMIUM;10008;3;9998;10;;;10014;10;10017;27;;;10011.0;0.0
-2;50100;INTARIAN_PEPPER_ROOT;10045;9;10042;24;;;;;;;;;10045.0;0.0
-2;50100;ASH_COATED_OSMIUM;9999;11;9996;30;;;10017;30;;;;;10008.0;0.0
-2;50200;ASH_COATED_OSMIUM;9996;29;;;;;10015;14;10017;29;;;10005.5;0.0
-2;50200;INTARIAN_PEPPER_ROOT;10045;12;10042;16;;;10056;12;;;;;10050.5;0.0
-2;50300;INTARIAN_PEPPER_ROOT;10045;11;10042;24;;;10056;11;10058;24;;;10050.5;0.0
-2;50300;ASH_COATED_OSMIUM;9999;13;9997;20;;;10015;13;;;;;10007.0;0.0
-2;50400;INTARIAN_PEPPER_ROOT;10045;9;10042;19;;;10056;9;10058;19;;;10050.5;0.0
-2;50400;ASH_COATED_OSMIUM;9999;13;9997;21;;;10015;13;;;;;10007.0;0.0
-2;50500;INTARIAN_PEPPER_ROOT;10042;19;;;;;10059;19;;;;;10050.5;0.0
-2;50500;ASH_COATED_OSMIUM;10005;2;10000;12;9997;26;10018;26;;;;;10011.5;0.0
-2;50600;ASH_COATED_OSMIUM;9999;15;9997;22;;;10015;15;10018;22;;;10007.0;0.0
-2;50600;INTARIAN_PEPPER_ROOT;10045;8;10043;25;;;10056;8;10059;25;;;10050.5;0.0
-2;50700;INTARIAN_PEPPER_ROOT;10045;8;10043;21;;;10059;21;;;;;10052.0;0.0
-2;50700;ASH_COATED_OSMIUM;9999;10;;;;;10015;10;10018;26;;;10007.0;0.0
-2;50800;INTARIAN_PEPPER_ROOT;10045;11;10043;25;;;10056;11;10059;25;;;10050.5;0.0
-2;50800;ASH_COATED_OSMIUM;9999;13;9997;30;;;10015;13;;;;;10007.0;0.0
-2;50900;INTARIAN_PEPPER_ROOT;10045;8;;;;;10056;8;10059;20;;;10050.5;0.0
-2;50900;ASH_COATED_OSMIUM;9997;24;;;;;10018;24;;;;;10007.5;0.0
-2;51000;ASH_COATED_OSMIUM;9999;10;;;;;10015;10;10018;25;;;10007.0;0.0
-2;51000;INTARIAN_PEPPER_ROOT;10045;10;10043;16;;;10057;10;10059;16;;;10051.0;0.0
-2;51100;ASH_COATED_OSMIUM;10005;5;10000;11;9997;30;10018;30;;;;;10011.5;0.0
-2;51100;INTARIAN_PEPPER_ROOT;10046;9;10043;22;;;;;;;;;10046.0;0.0
-2;51200;INTARIAN_PEPPER_ROOT;10046;12;10043;19;;;10057;12;;;;;10051.5;0.0
-2;51200;ASH_COATED_OSMIUM;10000;12;9998;27;;;10016;12;;;;;10008.0;0.0
-2;51300;ASH_COATED_OSMIUM;9998;26;;;;;10016;11;;;;;10007.0;0.0
-2;51300;INTARIAN_PEPPER_ROOT;10046;12;;;;;10057;12;10059;25;;;10051.5;0.0
-2;51400;ASH_COATED_OSMIUM;10000;15;9997;20;;;10018;20;;;;;10009.0;0.0
-2;51400;INTARIAN_PEPPER_ROOT;10043;16;;;;;10057;11;10059;16;;;10050.0;0.0
-2;51500;ASH_COATED_OSMIUM;10000;13;;;;;10016;13;;;;;10008.0;0.0
-2;51500;INTARIAN_PEPPER_ROOT;10046;11;;;;;10057;11;10060;18;;;10051.5;0.0
-2;51600;INTARIAN_PEPPER_ROOT;10046;12;;;;;10057;12;10060;17;;;10051.5;0.0
-2;51600;ASH_COATED_OSMIUM;9997;30;;;;;10018;30;;;;;10007.5;0.0
-2;51700;ASH_COATED_OSMIUM;;;;;;;10016;14;10018;20;;;10016.0;0.0
-2;51700;INTARIAN_PEPPER_ROOT;10044;24;;;;;10060;24;;;;;10052.0;0.0
-2;51800;ASH_COATED_OSMIUM;9997;21;;;;;10016;11;10018;21;;;10006.5;0.0
-2;51800;INTARIAN_PEPPER_ROOT;10044;21;;;;;10057;10;10060;21;;;10050.5;0.0
-2;51900;ASH_COATED_OSMIUM;9997;23;;;;;10018;23;;;;;10007.5;0.0
-2;51900;INTARIAN_PEPPER_ROOT;10046;12;10044;22;;;10057;12;10060;22;;;10051.5;0.0
-2;52000;INTARIAN_PEPPER_ROOT;10046;8;10044;18;;;10058;8;10060;18;;;10052.0;0.0
-2;52000;ASH_COATED_OSMIUM;10000;10;9997;22;;;10016;10;10018;22;;;10008.0;0.0
-2;52100;ASH_COATED_OSMIUM;9999;15;9997;23;;;10015;15;10018;23;;;10007.0;0.0
-2;52100;INTARIAN_PEPPER_ROOT;10047;11;10044;17;;;10058;11;10060;17;;;10052.5;0.0
-2;52200;ASH_COATED_OSMIUM;10000;11;9997;24;;;10016;11;10018;24;;;10008.0;0.0
-2;52200;INTARIAN_PEPPER_ROOT;10047;10;10044;24;;;10058;10;10060;24;;;10052.5;0.0
-2;52300;ASH_COATED_OSMIUM;9999;15;9997;28;;;10018;28;;;;;10008.5;0.0
-2;52300;INTARIAN_PEPPER_ROOT;;;;;;;10058;12;10060;20;;;10058.0;0.0
-2;52400;INTARIAN_PEPPER_ROOT;10047;12;10044;15;;;10058;12;10060;15;;;10052.5;0.0
-2;52400;ASH_COATED_OSMIUM;9999;13;9996;20;;;10015;13;;;;;10007.0;0.0
-2;52500;ASH_COATED_OSMIUM;9996;30;;;;;10017;30;;;;;10006.5;0.0
-2;52500;INTARIAN_PEPPER_ROOT;10047;8;;;;;10061;18;;;;;10054.0;0.0
-2;52600;ASH_COATED_OSMIUM;9999;13;9996;24;;;10015;13;10017;24;;;10007.0;0.0
-2;52600;INTARIAN_PEPPER_ROOT;10045;20;;;;;10058;10;10061;20;;;10051.5;0.0
-2;52700;ASH_COATED_OSMIUM;9999;13;9996;20;;;10017;20;;;;;10008.0;0.0
-2;52700;INTARIAN_PEPPER_ROOT;10045;23;;;;;10058;9;10061;23;;;10051.5;0.0
-2;52800;ASH_COATED_OSMIUM;9996;22;;;;;10015;10;10017;22;;;10005.5;0.0
-2;52800;INTARIAN_PEPPER_ROOT;10047;11;10045;16;;;10058;11;10061;16;;;10052.5;0.0
-2;52900;INTARIAN_PEPPER_ROOT;10047;8;10045;15;;;10049;6;10061;15;;;10048.0;0.0
-2;52900;ASH_COATED_OSMIUM;10009;9;9999;13;9996;25;10015;13;10018;25;;;10012.0;0.0
-2;53000;ASH_COATED_OSMIUM;9999;10;9997;21;;;10015;10;;;;;10007.0;0.0
-2;53000;INTARIAN_PEPPER_ROOT;;;;;;;10049;6;10059;12;10061;24;10049.0;0.0
-2;53100;ASH_COATED_OSMIUM;9999;13;9997;22;;;10018;22;;;;;10008.5;0.0
-2;53100;INTARIAN_PEPPER_ROOT;10045;23;;;;;10061;23;;;;;10053.0;0.0
-2;53200;ASH_COATED_OSMIUM;;;;;;;10015;15;10017;26;;;10015.0;0.0
-2;53200;INTARIAN_PEPPER_ROOT;10048;8;;;;;10059;8;10061;16;;;10053.5;0.0
-2;53300;INTARIAN_PEPPER_ROOT;10045;21;;;;;10061;21;;;;;10053.0;0.0
-2;53300;ASH_COATED_OSMIUM;9996;23;;;;;10015;12;;;;;10005.5;0.0
-2;53400;INTARIAN_PEPPER_ROOT;10045;25;;;;;10059;11;10061;25;;;10052.0;0.0
-2;53400;ASH_COATED_OSMIUM;9999;15;9996;27;;;10015;15;10017;27;;;10007.0;0.0
-2;53500;ASH_COATED_OSMIUM;9996;21;;;;;10015;12;10017;21;;;10005.5;0.0
-2;53500;INTARIAN_PEPPER_ROOT;10048;12;;;;;10059;12;10062;16;;;10053.5;0.0
-2;53600;INTARIAN_PEPPER_ROOT;10048;8;;;;;10059;8;10062;20;;;10053.5;0.0
-2;53600;ASH_COATED_OSMIUM;9999;12;;;;;10018;25;;;;;10008.5;0.0
-2;53700;INTARIAN_PEPPER_ROOT;10048;9;10046;24;;;10059;9;10062;24;;;10053.5;0.0
-2;53700;ASH_COATED_OSMIUM;;;;;;;10015;11;10017;21;;;10015.0;0.0
-2;53800;ASH_COATED_OSMIUM;9999;10;;;;;10017;24;;;;;10008.0;0.0
-2;53800;INTARIAN_PEPPER_ROOT;10048;10;10046;16;;;10059;10;10062;16;;;10053.5;0.0
-2;53900;ASH_COATED_OSMIUM;9999;11;9996;30;;;10015;11;10017;30;;;10007.0;0.0
-2;53900;INTARIAN_PEPPER_ROOT;10048;12;10046;21;;;10059;12;10062;21;;;10053.5;0.0
-2;54000;ASH_COATED_OSMIUM;9999;13;9996;30;;;10015;13;10017;30;;;10007.0;0.0
-2;54000;INTARIAN_PEPPER_ROOT;10048;8;;;;;10060;8;10062;18;;;10054.0;0.0
-2;54100;INTARIAN_PEPPER_ROOT;10046;21;;;;;10062;21;;;;;10054.0;0.0
-2;54100;ASH_COATED_OSMIUM;9999;15;9996;26;;;10017;26;;;;;10008.0;0.0
-2;54200;ASH_COATED_OSMIUM;9999;12;9996;28;;;10015;12;10017;28;;;10007.0;0.0
-2;54200;INTARIAN_PEPPER_ROOT;10049;12;10046;21;;;;;;;;;10049.0;0.0
-2;54300;ASH_COATED_OSMIUM;9999;14;9996;22;;;10015;14;10017;22;;;10007.0;0.0
-2;54300;INTARIAN_PEPPER_ROOT;10049;11;10046;15;;;10060;11;;;;;10054.5;0.0
-2;54400;INTARIAN_PEPPER_ROOT;10049;9;10046;23;;;10060;9;10062;23;;;10054.5;0.0
-2;54400;ASH_COATED_OSMIUM;9996;29;;;;;10014;11;10017;29;;;10005.0;0.0
-2;54500;INTARIAN_PEPPER_ROOT;10049;10;10046;18;;;10060;10;10063;18;;;10054.5;0.0
-2;54500;ASH_COATED_OSMIUM;9999;15;9996;22;;;10015;15;;;;;10007.0;0.0
-2;54600;INTARIAN_PEPPER_ROOT;10047;24;;;;;;;;;;;10047.0;0.0
-2;54600;ASH_COATED_OSMIUM;9998;15;;;;;10014;15;10017;24;;;10006.0;0.0
-2;54700;ASH_COATED_OSMIUM;9999;11;9996;24;;;10015;11;10017;24;;;10007.0;0.0
-2;54700;INTARIAN_PEPPER_ROOT;10049;11;10047;22;;;10063;22;;;;;10056.0;0.0
-2;54800;INTARIAN_PEPPER_ROOT;10049;12;10047;16;;;10060;12;;;;;10054.5;0.0
-2;54800;ASH_COATED_OSMIUM;9999;14;9996;29;;;10017;29;;;;;10008.0;0.0
-2;54900;INTARIAN_PEPPER_ROOT;10049;12;10047;23;;;10060;12;10063;23;;;10054.5;0.0
-2;54900;ASH_COATED_OSMIUM;9996;24;;;;;10014;13;;;;;10005.0;0.0
-2;55000;INTARIAN_PEPPER_ROOT;10049;11;10047;25;;;10061;11;;;;;10055.0;0.0
-2;55000;ASH_COATED_OSMIUM;9998;11;9996;23;;;10014;11;10017;23;;;10006.0;0.0
-2;55100;ASH_COATED_OSMIUM;9999;15;9996;21;;;10015;15;10017;21;;;10007.0;0.0
-2;55100;INTARIAN_PEPPER_ROOT;10050;11;;;;;10063;23;;;;;10056.5;0.0
-2;55200;INTARIAN_PEPPER_ROOT;10050;8;10047;22;;;10061;8;;;;;10055.5;0.0
-2;55200;ASH_COATED_OSMIUM;10005;3;9999;12;9997;20;10018;20;;;;;10011.5;0.0
-2;55300;INTARIAN_PEPPER_ROOT;10050;9;10047;17;;;10052;7;10061;9;;;10051.0;0.0
-2;55300;ASH_COATED_OSMIUM;9999;10;9997;29;;;10015;10;10018;29;;;10007.0;0.0
-2;55400;INTARIAN_PEPPER_ROOT;10050;11;10047;20;;;10061;11;10063;20;;;10055.5;0.0
-2;55400;ASH_COATED_OSMIUM;9999;15;9997;27;;;10015;15;10018;27;;;10007.0;0.0
-2;55500;ASH_COATED_OSMIUM;9998;12;9996;29;;;10014;12;10017;29;;;10006.0;0.0
-2;55500;INTARIAN_PEPPER_ROOT;10050;12;10047;17;;;;;;;;;10050.0;0.0
-2;55600;ASH_COATED_OSMIUM;9998;13;9996;29;;;10014;13;10017;29;;;10006.0;0.0
-2;55600;INTARIAN_PEPPER_ROOT;10050;10;;;;;10061;10;10064;22;;;10055.5;0.0
-2;55700;INTARIAN_PEPPER_ROOT;10050;11;;;;;10061;11;10064;16;;;10055.5;0.0
-2;55700;ASH_COATED_OSMIUM;;;;;;;;;;;;;0.0;0.0
-2;55800;INTARIAN_PEPPER_ROOT;10050;9;10048;19;;;10061;9;10064;19;;;10055.5;0.0
-2;55800;ASH_COATED_OSMIUM;9995;20;;;;;;;;;;;9995.0;0.0
-2;55900;INTARIAN_PEPPER_ROOT;10050;12;10048;20;;;10061;12;10064;20;;;10055.5;0.0
-2;55900;ASH_COATED_OSMIUM;9995;26;;;;;10013;14;10016;26;;;10004.0;0.0
-2;56000;ASH_COATED_OSMIUM;9997;15;9994;29;;;10013;15;10015;29;;;10005.0;0.0
-2;56000;INTARIAN_PEPPER_ROOT;10050;8;10048;19;;;10062;8;10064;19;;;10056.0;0.0
-2;56100;INTARIAN_PEPPER_ROOT;10051;9;;;;;10062;9;10064;15;;;10056.5;0.0
-2;56100;ASH_COATED_OSMIUM;9997;15;9995;22;;;10013;15;10016;22;;;10005.0;0.0
-2;56200;INTARIAN_PEPPER_ROOT;10048;25;;;;;;;;;;;10048.0;0.0
-2;56200;ASH_COATED_OSMIUM;9997;12;9995;23;;;;;;;;;9997.0;0.0
-2;56300;INTARIAN_PEPPER_ROOT;10051;11;10048;22;;;10062;11;10064;22;;;10056.5;0.0
-2;56300;ASH_COATED_OSMIUM;9995;29;;;;;10014;11;10016;29;;;10004.5;0.0
-2;56400;ASH_COATED_OSMIUM;9997;12;;;;;10013;12;10016;24;;;10005.0;0.0
-2;56400;INTARIAN_PEPPER_ROOT;10051;8;;;;;10062;8;10064;20;;;10056.5;0.0
-2;56500;INTARIAN_PEPPER_ROOT;10051;11;10048;19;;;10062;11;10065;19;;;10056.5;0.0
-2;56500;ASH_COATED_OSMIUM;10002;4;9994;20;;;10013;10;10015;20;;;10007.5;0.0
-2;56600;INTARIAN_PEPPER_ROOT;10049;20;;;;;10062;11;10065;20;;;10055.5;0.0
-2;56600;ASH_COATED_OSMIUM;9997;11;9994;26;;;10013;11;10015;26;;;10005.0;0.0
-2;56700;INTARIAN_PEPPER_ROOT;10051;9;10049;19;;;;;;;;;10051.0;0.0
-2;56700;ASH_COATED_OSMIUM;9997;13;;;;;10015;20;;;;;10006.0;0.0
-2;56800;ASH_COATED_OSMIUM;9997;13;;;;;10013;13;10016;23;;;10005.0;0.0
-2;56800;INTARIAN_PEPPER_ROOT;10051;12;10049;24;;;10062;12;10065;24;;;10056.5;0.0
-2;56900;INTARIAN_PEPPER_ROOT;10051;11;10049;19;;;10062;11;10065;19;;;10056.5;0.0
-2;56900;ASH_COATED_OSMIUM;9997;12;9995;20;;;10016;20;;;;;10006.5;0.0
-2;57000;INTARIAN_PEPPER_ROOT;10051;9;;;;;10063;9;10065;16;;;10057.0;0.0
-2;57000;ASH_COATED_OSMIUM;9998;15;9995;30;;;10014;15;10016;30;;;10006.0;0.0
-2;57100;ASH_COATED_OSMIUM;9997;14;9995;24;;;10013;14;10016;24;;;10005.0;0.0
-2;57100;INTARIAN_PEPPER_ROOT;10052;9;10049;25;;;10063;9;10065;25;;;10057.5;0.0
-2;57200;ASH_COATED_OSMIUM;9995;24;;;;;10014;10;10016;24;;;10004.5;0.0
-2;57200;INTARIAN_PEPPER_ROOT;10060;8;10052;8;10049;23;10063;8;10065;23;;;10061.5;0.0
-2;57300;ASH_COATED_OSMIUM;9998;12;9995;21;;;10014;12;10016;21;;;10006.0;0.0
-2;57300;INTARIAN_PEPPER_ROOT;10052;12;10049;17;;;10063;12;10065;17;;;10057.5;0.0
-2;57400;INTARIAN_PEPPER_ROOT;10049;24;;;;;10063;8;10065;24;;;10056.0;0.0
-2;57400;ASH_COATED_OSMIUM;9998;15;9995;23;;;10014;15;10016;23;;;10006.0;0.0
-2;57500;ASH_COATED_OSMIUM;9998;13;9995;23;;;10016;23;;;;;10007.0;0.0
-2;57500;INTARIAN_PEPPER_ROOT;10052;9;10049;15;;;10063;9;;;;;10057.5;0.0
-2;57600;ASH_COATED_OSMIUM;9998;13;9996;30;;;10014;13;;;;;10006.0;0.0
-2;57600;INTARIAN_PEPPER_ROOT;10050;18;;;;;10063;9;;;;;10056.5;0.0
-2;57700;ASH_COATED_OSMIUM;9998;14;9995;25;;;10014;14;;;;;10006.0;0.0
-2;57700;INTARIAN_PEPPER_ROOT;10052;9;10050;17;;;10066;17;;;;;10059.0;0.0
-2;57800;INTARIAN_PEPPER_ROOT;10050;22;;;;;10063;11;10066;22;;;10056.5;0.0
-2;57800;ASH_COATED_OSMIUM;9997;15;9995;29;;;10013;15;10016;29;;;10005.0;0.0
-2;57900;INTARIAN_PEPPER_ROOT;10050;21;;;;;10066;21;;;;;10058.0;0.0
-2;57900;ASH_COATED_OSMIUM;9997;15;9995;28;;;10013;15;;;;;10005.0;0.0
-2;58000;ASH_COATED_OSMIUM;9997;10;9995;22;;;10013;10;;;;;10005.0;0.0
-2;58000;INTARIAN_PEPPER_ROOT;10052;12;;;;;10064;12;10066;15;;;10058.0;0.0
-2;58100;INTARIAN_PEPPER_ROOT;10053;12;10050;22;;;10064;12;10066;22;;;10058.5;0.0
-2;58100;ASH_COATED_OSMIUM;9995;27;;;;;10013;11;10016;27;;;10004.0;0.0
-2;58200;INTARIAN_PEPPER_ROOT;10053;9;10050;22;;;10064;9;10066;22;;;10058.5;0.0
-2;58200;ASH_COATED_OSMIUM;9997;12;9995;25;;;;;;;;;9997.0;0.0
-2;58300;ASH_COATED_OSMIUM;9997;10;;;;;10006;4;10013;10;10015;22;10001.5;0.0
-2;58300;INTARIAN_PEPPER_ROOT;;;;;;;10064;11;10066;19;;;10064.0;0.0
-2;58400;ASH_COATED_OSMIUM;9997;14;9994;28;;;10013;14;10015;28;;;10005.0;0.0
-2;58400;INTARIAN_PEPPER_ROOT;10053;9;;;;;;;;;;;10053.0;0.0
-2;58500;ASH_COATED_OSMIUM;9994;21;;;;;10006;3;10012;12;;;10000.0;0.0
-2;58500;INTARIAN_PEPPER_ROOT;10050;24;;;;;10067;24;;;;;10058.5;0.0
-2;58600;INTARIAN_PEPPER_ROOT;10053;9;10051;16;;;10064;9;10067;16;;;10058.5;0.0
-2;58600;ASH_COATED_OSMIUM;9996;11;9994;29;;;10015;29;;;;;10005.5;0.0
-2;58700;ASH_COATED_OSMIUM;;;;;;;10013;15;10015;28;;;10013.0;0.0
-2;58700;INTARIAN_PEPPER_ROOT;10053;12;10051;15;;;10064;12;10067;15;;;10058.5;0.0
-2;58800;ASH_COATED_OSMIUM;9997;14;;;;;10013;14;10016;21;;;10005.0;0.0
-2;58800;INTARIAN_PEPPER_ROOT;10053;9;;;;;10064;9;10067;19;;;10058.5;0.0
-2;58900;INTARIAN_PEPPER_ROOT;10053;10;10051;15;;;10064;10;10067;15;;;10058.5;0.0
-2;58900;ASH_COATED_OSMIUM;;;;;;;10016;25;;;;;10016.0;0.0
-2;59000;INTARIAN_PEPPER_ROOT;10053;11;10051;17;;;10065;11;;;;;10059.0;0.0
-2;59000;ASH_COATED_OSMIUM;9998;15;9995;22;;;10014;15;10016;22;;;10006.0;0.0
-2;59100;INTARIAN_PEPPER_ROOT;10051;22;;;;;;;;;;;10051.0;0.0
-2;59100;ASH_COATED_OSMIUM;9998;12;9995;26;;;10014;12;;;;;10006.0;0.0
-2;59200;ASH_COATED_OSMIUM;9997;10;9995;24;;;10013;10;10016;24;;;10005.0;0.0
-2;59200;INTARIAN_PEPPER_ROOT;10057;5;10051;18;;;10067;18;;;;;10062.0;0.0
-2;59300;INTARIAN_PEPPER_ROOT;10054;8;;;;;10065;8;10067;19;;;10059.5;0.0
-2;59300;ASH_COATED_OSMIUM;9997;14;9994;23;;;10013;14;10015;23;;;10005.0;0.0
-2;59400;INTARIAN_PEPPER_ROOT;10054;11;10051;25;;;10065;11;10067;25;;;10059.5;0.0
-2;59400;ASH_COATED_OSMIUM;9994;27;;;;;10013;11;10015;27;;;10003.5;0.0
-2;59500;INTARIAN_PEPPER_ROOT;10051;24;;;;;10065;9;10068;24;;;10058.0;0.0
-2;59500;ASH_COATED_OSMIUM;9997;14;;;;;10013;14;10015;26;;;10005.0;0.0
-2;59600;ASH_COATED_OSMIUM;9996;15;9993;27;;;10012;15;10015;27;;;10004.0;0.0
-2;59600;INTARIAN_PEPPER_ROOT;10054;9;10052;21;;;10065;9;10068;21;;;10059.5;0.0
-2;59700;INTARIAN_PEPPER_ROOT;10054;12;10052;16;;;10068;16;;;;;10061.0;0.0
-2;59700;ASH_COATED_OSMIUM;9996;15;;;;;10012;15;10014;20;;;10004.0;0.0
-2;59800;INTARIAN_PEPPER_ROOT;10054;12;10052;21;;;10065;12;10068;21;;;10059.5;0.0
-2;59800;ASH_COATED_OSMIUM;9993;22;;;;;10012;12;10014;22;;;10002.5;0.0
-2;59900;INTARIAN_PEPPER_ROOT;10054;10;10052;22;;;10065;10;10068;22;;;10059.5;0.0
-2;59900;ASH_COATED_OSMIUM;9996;12;9993;22;;;10012;12;10014;22;;;10004.0;0.0
-2;60000;ASH_COATED_OSMIUM;9993;26;;;;;10011;13;10014;26;;;10002.0;0.0
-2;60000;INTARIAN_PEPPER_ROOT;10052;21;;;;;10066;9;10068;21;;;10059.0;0.0
-2;60100;ASH_COATED_OSMIUM;9995;14;;;;;10011;14;10014;23;;;10003.0;0.0
-2;60100;INTARIAN_PEPPER_ROOT;10052;20;;;;;10068;20;;;;;10060.0;0.0
-2;60200;INTARIAN_PEPPER_ROOT;10055;8;10052;19;;;;;;;;;10055.0;0.0
-2;60200;ASH_COATED_OSMIUM;9995;15;9993;23;;;10011;15;10014;23;;;10003.0;0.0
-2;60300;ASH_COATED_OSMIUM;9996;12;9993;26;;;10014;26;;;;;10005.0;0.0
-2;60300;INTARIAN_PEPPER_ROOT;10052;25;;;;;10068;25;;;;;10060.0;0.0
-2;60400;ASH_COATED_OSMIUM;9996;13;9993;20;;;10012;13;;;;;10004.0;0.0
-2;60400;INTARIAN_PEPPER_ROOT;10055;10;10052;23;;;10066;10;10068;23;;;10060.5;0.0
-2;60500;ASH_COATED_OSMIUM;9995;10;;;;;10011;10;10014;29;;;10003.0;0.0
-2;60500;INTARIAN_PEPPER_ROOT;10055;9;;;;;10066;9;;;;;10060.5;0.0
-2;60600;INTARIAN_PEPPER_ROOT;10055;10;10053;25;;;10066;10;10069;25;;;10060.5;0.0
-2;60600;ASH_COATED_OSMIUM;9995;11;9993;26;;;10011;11;10014;26;;;10003.0;0.0
-2;60700;ASH_COATED_OSMIUM;9995;13;;;;;10011;13;10014;26;;;10003.0;0.0
-2;60700;INTARIAN_PEPPER_ROOT;10055;10;10053;17;;;10066;10;10069;17;;;10060.5;0.0
-2;60800;ASH_COATED_OSMIUM;9995;14;9993;20;;;10011;14;;;;;10003.0;0.0
-2;60800;INTARIAN_PEPPER_ROOT;10055;10;;;;;10066;10;10069;25;;;10060.5;0.0
-2;60900;ASH_COATED_OSMIUM;9993;21;;;;;10011;11;;;;;10002.0;0.0
-2;60900;INTARIAN_PEPPER_ROOT;10055;9;10053;15;;;10066;9;10069;15;;;10060.5;0.0
-2;61000;INTARIAN_PEPPER_ROOT;10055;9;10053;19;;;10067;9;10069;19;;;10061.0;0.0
-2;61000;ASH_COATED_OSMIUM;9995;15;;;;;;;;;;;9995.0;0.0
-2;61100;ASH_COATED_OSMIUM;9995;10;9993;29;;;10014;29;;;;;10004.5;0.0
-2;61100;INTARIAN_PEPPER_ROOT;10053;16;;;;;10069;16;;;;;10061.0;0.0
-2;61200;ASH_COATED_OSMIUM;9995;10;9992;29;;;10011;10;10013;29;;;10003.0;0.0
-2;61200;INTARIAN_PEPPER_ROOT;;;;;;;10067;9;10069;23;;;10067.0;0.0
-2;61300;ASH_COATED_OSMIUM;9994;11;9992;25;;;10010;11;10013;25;;;10002.0;0.0
-2;61300;INTARIAN_PEPPER_ROOT;10056;8;10053;20;;;10067;8;10069;20;;;10061.5;0.0
-2;61400;INTARIAN_PEPPER_ROOT;10056;8;10053;15;;;10069;15;;;;;10062.5;0.0
-2;61400;ASH_COATED_OSMIUM;9995;13;9992;29;;;10011;13;10013;29;;;10003.0;0.0
-2;61500;INTARIAN_PEPPER_ROOT;;;;;;;10067;9;10070;16;;;10067.0;0.0
-2;61500;ASH_COATED_OSMIUM;9995;15;9992;21;;;;;;;;;9995.0;0.0
-2;61600;ASH_COATED_OSMIUM;9995;14;9992;27;;;10011;14;10013;27;;;10003.0;0.0
-2;61600;INTARIAN_PEPPER_ROOT;10056;10;10054;20;;;10067;10;;;;;10061.5;0.0
-2;61700;ASH_COATED_OSMIUM;;;;;;;10010;15;10013;30;;;10010.0;0.0
-2;61700;INTARIAN_PEPPER_ROOT;10064;5;10056;9;10054;23;10067;9;10070;23;;;10065.5;0.0
-2;61800;ASH_COATED_OSMIUM;9994;10;9991;25;;;10010;10;;;;;10002.0;0.0
-2;61800;INTARIAN_PEPPER_ROOT;10056;12;10054;15;;;10067;12;10070;15;;;10061.5;0.0
-2;61900;INTARIAN_PEPPER_ROOT;10054;15;;;;;10067;10;10070;15;;;10060.5;0.0
-2;61900;ASH_COATED_OSMIUM;9994;14;9992;20;;;10010;14;10013;20;;;10002.0;0.0
-2;62000;ASH_COATED_OSMIUM;9991;20;;;;;10010;11;10012;20;;;10000.5;0.0
-2;62000;INTARIAN_PEPPER_ROOT;10056;10;10054;25;;;10068;10;10070;25;;;10062.0;0.0
-2;62100;ASH_COATED_OSMIUM;;;;;;;10012;22;;;;;10012.0;0.0
-2;62100;INTARIAN_PEPPER_ROOT;10057;9;;;;;10068;9;10070;21;;;10062.5;0.0
-2;62200;INTARIAN_PEPPER_ROOT;10057;10;10054;25;;;10068;10;10070;25;;;10062.5;0.0
-2;62200;ASH_COATED_OSMIUM;9993;15;9990;27;;;10009;15;;;;;10001.0;0.0
-2;62300;INTARIAN_PEPPER_ROOT;10057;12;10054;19;;;10068;12;10070;19;;;10062.5;0.0
-2;62300;ASH_COATED_OSMIUM;9993;11;;;;;10009;11;10012;24;;;10001.0;0.0
-2;62400;INTARIAN_PEPPER_ROOT;10057;10;10054;20;;;10070;20;;;;;10063.5;0.0
-2;62400;ASH_COATED_OSMIUM;9999;4;9993;13;9991;24;10009;13;10012;24;;;10004.0;0.0
-2;62500;ASH_COATED_OSMIUM;9994;12;9991;26;;;10010;12;;;;;10002.0;0.0
-2;62500;INTARIAN_PEPPER_ROOT;10057;11;10054;18;;;10068;11;10071;18;;;10062.5;0.0
-2;62600;ASH_COATED_OSMIUM;;;;;;;10012;27;;;;;10012.0;0.0
-2;62600;INTARIAN_PEPPER_ROOT;10057;8;10055;16;;;10071;16;;;;;10064.0;0.0
-2;62700;INTARIAN_PEPPER_ROOT;10057;12;10055;17;;;10071;17;;;;;10064.0;0.0
-2;62700;ASH_COATED_OSMIUM;9994;12;9991;23;;;9999;7;10010;12;10012;23;9996.5;0.0
-2;62800;ASH_COATED_OSMIUM;9994;11;;;;;10010;11;10012;22;;;10002.0;0.0
-2;62800;INTARIAN_PEPPER_ROOT;10055;23;;;;;10068;11;10071;23;;;10061.5;0.0
-2;62900;ASH_COATED_OSMIUM;9994;11;9991;28;;;10012;28;;;;;10003.0;0.0
-2;62900;INTARIAN_PEPPER_ROOT;10057;8;;;;;10068;8;;;;;10062.5;0.0
-2;63000;ASH_COATED_OSMIUM;9991;22;;;;;10009;15;10012;22;;;10000.0;0.0
-2;63000;INTARIAN_PEPPER_ROOT;10057;8;10055;23;;;10069;8;10071;23;;;10063.0;0.0
-2;63100;INTARIAN_PEPPER_ROOT;10055;17;;;;;10069;11;10071;17;;;10062.0;0.0
-2;63100;ASH_COATED_OSMIUM;9994;13;9991;24;;;;;;;;;9994.0;0.0
-2;63200;ASH_COATED_OSMIUM;9993;14;9991;26;;;10003;3;10009;14;;;9998.0;0.0
-2;63200;INTARIAN_PEPPER_ROOT;10058;10;;;;;10069;10;10071;25;;;10063.5;0.0
-2;63300;ASH_COATED_OSMIUM;9994;15;9991;23;;;;;;;;;9994.0;0.0
-2;63300;INTARIAN_PEPPER_ROOT;10058;12;;;;;10071;17;;;;;10064.5;0.0
-2;63400;INTARIAN_PEPPER_ROOT;10058;9;10055;25;;;10069;9;;;;;10063.5;0.0
-2;63400;ASH_COATED_OSMIUM;9994;12;9991;21;;;10012;21;;;;;10003.0;0.0
-2;63500;INTARIAN_PEPPER_ROOT;10058;10;10055;24;;;10072;24;;;;;10065.0;0.0
-2;63500;ASH_COATED_OSMIUM;9991;22;;;;;10003;4;10012;22;;;9997.0;0.0
-2;63600;INTARIAN_PEPPER_ROOT;10058;11;10056;19;;;10069;11;10072;19;;;10063.5;0.0
-2;63600;ASH_COATED_OSMIUM;9994;13;9992;20;;;10013;20;;;;;10003.5;0.0
-2;63700;ASH_COATED_OSMIUM;;;;;;;10010;11;10013;30;;;10010.0;0.0
-2;63700;INTARIAN_PEPPER_ROOT;10058;11;10056;18;;;10069;11;;;;;10063.5;0.0
-2;63800;INTARIAN_PEPPER_ROOT;10056;19;;;;;10069;9;10072;19;;;10062.5;0.0
-2;63800;ASH_COATED_OSMIUM;9994;13;9992;20;;;10013;20;;;;;10003.5;0.0
-2;63900;INTARIAN_PEPPER_ROOT;10058;9;;;;;10069;9;10072;19;;;10063.5;0.0
-2;63900;ASH_COATED_OSMIUM;9994;14;9991;25;;;10010;14;;;;;10002.0;0.0
-2;64000;INTARIAN_PEPPER_ROOT;10056;19;;;;;10070;9;10072;19;;;10063.0;0.0
-2;64000;ASH_COATED_OSMIUM;9993;14;9991;28;;;10009;14;10012;28;;;10001.0;0.0
-2;64100;ASH_COATED_OSMIUM;9993;10;;;;;10009;10;10012;30;;;10001.0;0.0
-2;64100;INTARIAN_PEPPER_ROOT;10059;12;10056;19;;;10070;12;10072;19;;;10064.5;0.0
-2;64200;INTARIAN_PEPPER_ROOT;10056;17;;;;;10072;17;;;;;10064.0;0.0
-2;64200;ASH_COATED_OSMIUM;9993;14;9991;22;;;10003;5;10009;14;10012;22;9998.0;0.0
-2;64300;INTARIAN_PEPPER_ROOT;10059;11;10056;15;;;10061;5;10072;15;;;10060.0;0.0
-2;64300;ASH_COATED_OSMIUM;9993;10;9991;28;;;10009;10;10012;28;;;10001.0;0.0
-2;64400;INTARIAN_PEPPER_ROOT;10059;8;10056;16;;;10070;8;10072;16;;;10064.5;0.0
-2;64400;ASH_COATED_OSMIUM;9993;14;9991;24;;;10009;14;10012;24;;;10001.0;0.0
-2;64500;INTARIAN_PEPPER_ROOT;10059;9;10056;16;;;10070;9;10073;16;;;10064.5;0.0
-2;64500;ASH_COATED_OSMIUM;9993;11;9990;26;;;10011;26;;;;;10002.0;0.0
-2;64600;ASH_COATED_OSMIUM;9993;14;;;;;10009;14;10011;23;;;10001.0;0.0
-2;64600;INTARIAN_PEPPER_ROOT;10059;8;;;;;10070;8;10073;25;;;10064.5;0.0
-2;64700;INTARIAN_PEPPER_ROOT;10059;12;10057;24;;;10070;12;10073;24;;;10064.5;0.0
-2;64700;ASH_COATED_OSMIUM;9993;14;9990;28;;;10009;14;;;;;10001.0;0.0
-2;64800;INTARIAN_PEPPER_ROOT;10059;12;10057;23;;;10073;23;;;;;10066.0;0.0
-2;64800;ASH_COATED_OSMIUM;9993;10;9990;25;;;10009;10;;;;;10001.0;0.0
-2;64900;INTARIAN_PEPPER_ROOT;10059;10;10057;22;;;10070;10;;;;;10064.5;0.0
-2;64900;ASH_COATED_OSMIUM;9992;10;9990;29;;;10008;10;;;;;10000.0;0.0
-2;65000;ASH_COATED_OSMIUM;9992;14;;;;;10008;14;10010;21;;;10000.0;0.0
-2;65000;INTARIAN_PEPPER_ROOT;10057;23;;;;;10073;23;;;;;10065.0;0.0
-2;65100;INTARIAN_PEPPER_ROOT;10060;9;10057;19;;;10071;9;10073;19;;;10065.5;0.0
-2;65100;ASH_COATED_OSMIUM;9997;4;9992;15;9989;26;10008;15;10010;26;;;10002.5;0.0
-2;65200;INTARIAN_PEPPER_ROOT;10060;10;;;;;10073;21;;;;;10066.5;0.0
-2;65200;ASH_COATED_OSMIUM;9991;12;9989;29;;;10007;12;10010;29;;;9999.0;0.0
-2;65300;INTARIAN_PEPPER_ROOT;10060;11;10057;23;;;10073;23;;;;;10066.5;0.0
-2;65300;ASH_COATED_OSMIUM;9988;22;;;;;10007;13;10009;22;;;9997.5;0.0
-2;65400;ASH_COATED_OSMIUM;9990;10;9988;20;;;10006;10;10009;20;;;9998.0;0.0
-2;65400;INTARIAN_PEPPER_ROOT;10060;12;10057;20;;;10073;20;;;;;10066.5;0.0
-2;65500;INTARIAN_PEPPER_ROOT;10060;9;;;;;10071;9;10074;23;;;10065.5;0.0
-2;65500;ASH_COATED_OSMIUM;9990;12;9988;21;;;10006;12;;;;;9998.0;0.0
-2;65600;INTARIAN_PEPPER_ROOT;10058;16;;;;;10071;10;10074;16;;;10064.5;0.0
-2;65600;ASH_COATED_OSMIUM;9990;15;9988;30;;;10006;15;10009;30;;;9998.0;0.0
-2;65700;INTARIAN_PEPPER_ROOT;10060;9;10058;24;;;10071;9;10074;24;;;10065.5;0.0
-2;65700;ASH_COATED_OSMIUM;9991;12;9988;26;;;10009;26;;;;;10000.0;0.0
-2;65800;ASH_COATED_OSMIUM;9990;14;9988;28;;;10006;14;10009;28;;;9998.0;0.0
-2;65800;INTARIAN_PEPPER_ROOT;10060;9;10058;21;;;10074;21;;;;;10067.0;0.0
-2;65900;ASH_COATED_OSMIUM;9990;11;;;;;10006;11;10009;25;;;9998.0;0.0
-2;65900;INTARIAN_PEPPER_ROOT;10060;11;10058;18;;;10071;11;;;;;10065.5;0.0
-2;66000;INTARIAN_PEPPER_ROOT;10058;24;;;;;10072;11;;;;;10065.0;0.0
-2;66000;ASH_COATED_OSMIUM;9990;15;9988;27;;;10006;15;;;;;9998.0;0.0
-2;66100;ASH_COATED_OSMIUM;9990;14;9988;24;;;10009;24;;;;;9999.5;0.0
-2;66100;INTARIAN_PEPPER_ROOT;10061;10;;;;;10072;10;10074;19;;;10066.5;0.0
-2;66200;ASH_COATED_OSMIUM;9987;24;;;;;10008;24;;;;;9997.5;0.0
-2;66200;INTARIAN_PEPPER_ROOT;10061;12;;;;;10074;20;;;;;10067.5;0.0
-2;66300;ASH_COATED_OSMIUM;9990;12;9987;26;;;10006;12;10008;26;;;9998.0;0.0
-2;66300;INTARIAN_PEPPER_ROOT;10061;9;10058;20;;;10072;9;10074;20;;;10066.5;0.0
-2;66400;INTARIAN_PEPPER_ROOT;10061;12;10058;15;;;10072;12;10074;15;;;10066.5;0.0
-2;66400;ASH_COATED_OSMIUM;9990;11;9987;25;;;10006;11;10008;25;;;9998.0;0.0
-2;66500;ASH_COATED_OSMIUM;9990;12;9987;24;;;10006;12;10008;24;;;9998.0;0.0
-2;66500;INTARIAN_PEPPER_ROOT;10061;8;10058;23;;;10075;23;;;;;10068.0;0.0
-2;66600;ASH_COATED_OSMIUM;9990;12;9987;30;;;10006;12;10008;30;;;9998.0;0.0
-2;66600;INTARIAN_PEPPER_ROOT;10061;9;;;;;10072;9;10075;15;;;10066.5;0.0
-2;66700;INTARIAN_PEPPER_ROOT;10059;23;;;;;;;;;;;10059.0;0.0
-2;66700;ASH_COATED_OSMIUM;9990;14;9987;21;;;10006;14;10008;21;;;9998.0;0.0
-2;66800;INTARIAN_PEPPER_ROOT;10061;12;10059;19;;;10072;12;10075;19;;;10066.5;0.0
-2;66800;ASH_COATED_OSMIUM;9990;15;9987;28;;;9999;4;10008;28;;;9994.5;0.0
-2;66900;INTARIAN_PEPPER_ROOT;10061;9;10059;19;;;10075;19;;;;;10068.0;0.0
-2;66900;ASH_COATED_OSMIUM;9990;13;;;;;10006;13;10008;29;;;9998.0;0.0
-2;67000;ASH_COATED_OSMIUM;9986;21;;;;;10005;12;;;;;9995.5;0.0
-2;67000;INTARIAN_PEPPER_ROOT;10059;20;;;;;10073;8;10075;20;;;10066.0;0.0
-2;67100;ASH_COATED_OSMIUM;9989;12;9987;29;;;10005;12;10008;29;;;9997.0;0.0
-2;67100;INTARIAN_PEPPER_ROOT;10062;11;10059;24;;;10073;11;10075;24;;;10067.5;0.0
-2;67200;INTARIAN_PEPPER_ROOT;10062;8;10059;21;;;10073;8;10075;21;;;10067.5;0.0
-2;67200;ASH_COATED_OSMIUM;9989;12;9986;23;;;10005;12;;;;;9997.0;0.0
-2;67300;ASH_COATED_OSMIUM;9989;10;9986;26;;;10005;10;10007;26;;;9997.0;0.0
-2;67300;INTARIAN_PEPPER_ROOT;10059;25;;;;;10075;25;;;;;10067.0;0.0
-2;67400;ASH_COATED_OSMIUM;9989;12;9987;26;;;10005;12;10008;26;;;9997.0;0.0
-2;67400;INTARIAN_PEPPER_ROOT;10062;9;10059;20;;;10064;4;10073;9;;;10063.0;0.0
-2;67500;ASH_COATED_OSMIUM;9987;27;;;;;10005;12;;;;;9996.0;0.0
-2;67500;INTARIAN_PEPPER_ROOT;10062;8;10059;17;;;10073;8;10076;17;;;10067.5;0.0
-2;67600;INTARIAN_PEPPER_ROOT;10062;11;10060;15;;;10073;11;10076;15;;;10067.5;0.0
-2;67600;ASH_COATED_OSMIUM;9987;30;;;;;10006;12;10008;30;;;9996.5;0.0
-2;67700;ASH_COATED_OSMIUM;9987;29;;;;;9999;2;10005;15;10008;29;9993.0;0.0
-2;67700;INTARIAN_PEPPER_ROOT;10060;22;;;;;10073;11;10076;22;;;10066.5;0.0
