day;timestamp;product;bid_price_1;bid_volume_1;bid_price_2;bid_volume_2;bid_price_3;bid_volume_3;ask_price_1;ask_volume_1;ask_price_2;ask_volume_2;ask_price_3;ask_volume_3;mid_price;profit_and_loss
-1;0;INTARIAN_PEPPER_ROOT;10991;15;;;;;11006;10;11009;15;;;10998.5;0.0
-1;0;ASH_COATED_OSMIUM;;;;;;;10003;29;;;;;10003.0;0.0
-1;100;ASH_COATED_OSMIUM;9984;11;;;;;10000;11;10003;22;;;9992.0;0.0
-1;100;INTARIAN_PEPPER_ROOT;10994;9;10991;21;;;11006;9;11009;21;;;11000.0;0.0
-1;200;ASH_COATED_OSMIUM;9985;15;9982;20;;;10001;15;10003;20;;;9993.0;0.0
-1;200;INTARIAN_PEPPER_ROOT;10994;10;;;;;11009;20;;;;;11001.5;0.0
-1;300;INTARIAN_PEPPER_ROOT;;;;;;;11006;9;11009;21;;;11006.0;0.0
-1;300;ASH_COATED_OSMIUM;9985;11;9982;29;;;10001;11;10003;29;;;9993.0;0.0
-1;400;INTARIAN_PEPPER_ROOT;10992;20;;;;;11006;11;11009;20;;;10999.0;0.0
-1;400;ASH_COATED_OSMIUM;9985;12;;;;;10001;12;10004;25;;;9993.0;0.0
-1;500;ASH_COATED_OSMIUM;9985;12;9983;30;;;10001;12;10004;30;;;9993.0;0.0
-1;500;INTARIAN_PEPPER_ROOT;10994;8;10992;25;;;11006;8;11009;25;;;11000.0;0.0
-1;600;ASH_COATED_OSMIUM;9983;25;;;;;10004;25;;;;;9993.5;0.0
-1;600;INTARIAN_PEPPER_ROOT;10995;9;10992;25;;;11009;25;;;;;11002.0;0.0
-1;700;INTARIAN_PEPPER_ROOT;10995;9;10992;18;;;11007;9;11009;18;;;11001.0;0.0
-1;700;ASH_COATED_OSMIUM;9983;23;;;;;10004;23;;;;;9993.5;0.0
-1;800;INTARIAN_PEPPER_ROOT;10992;15;;;;;11007;9;;;;;10999.5;0.0
-1;800;ASH_COATED_OSMIUM;9985;15;;;;;10001;15;;;;;9993.0;0.0
-1;900;ASH_COATED_OSMIUM;9985;15;9982;22;;;10001;15;10003;22;;;9993.0;0.0
-1;900;INTARIAN_PEPPER_ROOT;10995;10;;;;;11007;10;11010;23;;;11001.0;0.0
-1;1000;ASH_COATED_OSMIUM;9985;13;9983;26;;;10001;13;10004;26;;;9993.0;0.0
-1;1000;INTARIAN_PEPPER_ROOT;10995;12;10992;22;;;11007;12;11010;22;;;11001.0;0.0
-1;1100;INTARIAN_PEPPER_ROOT;10995;8;10992;17;;;;;;;;;10995.0;0.0
-1;1100;ASH_COATED_OSMIUM;9983;24;;;;;10001;12;;;;;9992.0;0.0
-1;1200;INTARIAN_PEPPER_ROOT;10995;10;;;;;11007;10;11010;16;;;11001.0;0.0
-1;1200;ASH_COATED_OSMIUM;9983;21;;;;;10001;11;;;;;9992.0;0.0
-1;1300;ASH_COATED_OSMIUM;9985;10;9983;30;;;10001;10;10004;30;;;9993.0;0.0
-1;1300;INTARIAN_PEPPER_ROOT;10999;6;;;;;11007;12;11010;25;;;11003.0;0.0
-1;1400;ASH_COATED_OSMIUM;9985;14;9983;25;;;10001;14;10004;25;;;9993.0;0.0
-1;1400;INTARIAN_PEPPER_ROOT;10993;19;;;;;11007;11;11010;19;;;11000.0;0.0
-1;1500;INTARIAN_PEPPER_ROOT;10995;12;10993;21;;;11007;12;11010;21;;;11001.0;0.0
-1;1500;ASH_COATED_OSMIUM;9985;10;9983;27;;;10001;10;10004;27;;;9993.0;0.0
-1;1600;INTARIAN_PEPPER_ROOT;10996;11;10993;19;;;11010;19;;;;;11003.0;0.0
-1;1600;ASH_COATED_OSMIUM;9985;13;;;;;10004;29;;;;;9994.5;0.0
-1;1700;ASH_COATED_OSMIUM;9985;12;9983;20;;;10001;12;10004;20;;;9993.0;0.0
-1;1700;INTARIAN_PEPPER_ROOT;10996;12;10993;15;;;;;;;;;10996.0;0.0
-1;1800;ASH_COATED_OSMIUM;9986;15;9983;22;;;10002;15;10004;22;;;9994.0;0.0
-1;1800;INTARIAN_PEPPER_ROOT;10996;8;10993;17;;;11008;8;11011;17;;;11002.0;0.0
-1;1900;INTARIAN_PEPPER_ROOT;10996;12;10993;20;;;11008;12;11011;20;;;11002.0;0.0
-1;1900;ASH_COATED_OSMIUM;9983;28;;;;;10001;14;10004;28;;;9992.0;0.0
-1;2000;INTARIAN_PEPPER_ROOT;10996;9;10993;18;;;11008;9;11011;18;;;11002.0;0.0
-1;2000;ASH_COATED_OSMIUM;9985;10;9983;24;;;10001;10;;;;;9993.0;0.0
-1;2100;ASH_COATED_OSMIUM;9983;25;;;;;10001;10;10004;25;;;9992.0;0.0
-1;2100;INTARIAN_PEPPER_ROOT;10996;9;10993;20;;;;;;;;;10996.0;0.0
-1;2200;INTARIAN_PEPPER_ROOT;10996;11;;;;;11008;11;11011;15;;;11002.0;0.0
-1;2200;ASH_COATED_OSMIUM;9985;10;9983;24;;;;;;;;;9985.0;0.0
-1;2300;INTARIAN_PEPPER_ROOT;10996;9;10994;21;;;11008;9;11011;21;;;11002.0;0.0
-1;2300;ASH_COATED_OSMIUM;9985;11;;;;;10001;11;10003;30;;;9993.0;0.0
-1;2400;INTARIAN_PEPPER_ROOT;10996;11;10994;21;;;11008;11;11011;21;;;11002.0;0.0
-1;2400;ASH_COATED_OSMIUM;9984;12;9982;29;;;10000;12;10003;29;;;9992.0;0.0
-1;2500;INTARIAN_PEPPER_ROOT;10996;11;10994;24;;;;;;;;;10996.0;0.0
-1;2500;ASH_COATED_OSMIUM;9984;15;9982;22;;;10000;15;10003;22;;;9992.0;0.0
-1;2600;INTARIAN_PEPPER_ROOT;10997;12;;;;;11009;12;;;;;11003.0;0.0
-1;2600;ASH_COATED_OSMIUM;9984;15;9982;23;;;10000;15;;;;;9992.0;0.0
-1;2700;INTARIAN_PEPPER_ROOT;10997;11;;;;;11009;11;11011;24;;;11003.0;0.0
-1;2700;ASH_COATED_OSMIUM;9982;26;;;;;10000;14;10003;26;;;9991.0;0.0
-1;2800;INTARIAN_PEPPER_ROOT;10994;15;;;;;11009;11;11012;15;;;11001.5;0.0
-1;2800;ASH_COATED_OSMIUM;9985;11;;;;;10004;25;;;;;9994.5;0.0
-1;2900;INTARIAN_PEPPER_ROOT;10997;9;10994;24;;;11009;9;11012;24;;;11003.0;0.0
-1;2900;ASH_COATED_OSMIUM;9985;15;9983;25;;;10001;15;10004;25;;;9993.0;0.0
-1;3000;INTARIAN_PEPPER_ROOT;10997;12;10994;18;;;10999;8;11009;12;11012;18;10998.0;0.0
-1;3000;ASH_COATED_OSMIUM;9986;15;9983;26;;;10002;15;10004;26;;;9994.0;0.0
-1;3100;INTARIAN_PEPPER_ROOT;;;;;;;11009;8;11012;18;;;11009.0;0.0
-1;3100;ASH_COATED_OSMIUM;9991;2;9983;24;;;10002;12;;;;;9996.5;0.0
-1;3200;INTARIAN_PEPPER_ROOT;10997;12;10994;16;;;11012;16;;;;;11004.5;0.0
-1;3200;ASH_COATED_OSMIUM;9985;12;;;;;10001;12;10004;22;;;9993.0;0.0
-1;3300;INTARIAN_PEPPER_ROOT;;;;;;;11009;12;11012;23;;;11009.0;0.0
-1;3300;ASH_COATED_OSMIUM;9985;13;9983;30;;;10001;13;10004;30;;;9993.0;0.0
-1;3400;INTARIAN_PEPPER_ROOT;10997;9;10995;17;;;11009;9;11012;17;;;11003.0;0.0
-1;3400;ASH_COATED_OSMIUM;9983;24;;;;;10001;10;10004;24;;;9992.0;0.0
-1;3500;INTARIAN_PEPPER_ROOT;10997;11;10995;17;;;11010;11;;;;;11003.5;0.0
-1;3500;ASH_COATED_OSMIUM;9991;4;9985;15;;;10004;26;;;;;9997.5;0.0
-1;3600;INTARIAN_PEPPER_ROOT;10998;11;10995;21;;;11010;11;11012;21;;;11004.0;0.0
-1;3600;ASH_COATED_OSMIUM;9985;10;9983;21;;;10001;10;;;;;9993.0;0.0
-1;3700;ASH_COATED_OSMIUM;9985;10;;;;;10001;10;;;;;9993.0;0.0
-1;3700;INTARIAN_PEPPER_ROOT;10998;11;10995;25;;;11010;11;11012;25;;;11004.0;0.0
-1;3800;INTARIAN_PEPPER_ROOT;10995;24;;;;;11010;11;11013;24;;;11002.5;0.0
-1;3800;ASH_COATED_OSMIUM;9991;2;9985;11;9983;23;10004;23;;;;;9997.5;0.0
-1;3900;ASH_COATED_OSMIUM;9985;14;9983;25;;;10001;14;10004;25;;;9993.0;0.0
-1;3900;INTARIAN_PEPPER_ROOT;10998;10;10995;16;;;11010;10;11013;16;;;11004.0;0.0
-1;4000;INTARIAN_PEPPER_ROOT;10998;11;10995;19;;;11010;11;11013;19;;;11004.0;0.0
-1;4000;ASH_COATED_OSMIUM;9986;15;9983;30;;;10002;15;10004;30;;;9994.0;0.0
-1;4100;ASH_COATED_OSMIUM;9985;15;;;;;10001;15;;;;;9993.0;0.0
-1;4100;INTARIAN_PEPPER_ROOT;;;;;;;11010;8;11013;18;;;11010.0;0.0
-1;4200;INTARIAN_PEPPER_ROOT;10995;25;;;;;11010;11;;;;;11002.5;0.0
-1;4200;ASH_COATED_OSMIUM;9983;24;;;;;;;;;;;9983.0;0.0
-1;4300;ASH_COATED_OSMIUM;9983;22;;;;;10002;10;10004;22;;;9992.5;0.0
-1;4300;INTARIAN_PEPPER_ROOT;10998;11;10996;25;;;11010;11;;;;;11004.0;0.0
-1;4400;INTARIAN_PEPPER_ROOT;10998;9;10996;24;;;11010;9;;;;;11004.0;0.0
-1;4400;ASH_COATED_OSMIUM;9983;30;;;;;10002;13;10004;30;;;9992.5;0.0
-1;4500;ASH_COATED_OSMIUM;9986;10;9984;28;;;10002;10;10005;28;;;9994.0;0.0
-1;4500;INTARIAN_PEPPER_ROOT;10998;9;10996;18;;;11011;9;11013;18;;;11004.5;0.0
-1;4600;INTARIAN_PEPPER_ROOT;10999;9;10996;17;;;11011;9;11013;17;;;11005.0;0.0
-1;4600;ASH_COATED_OSMIUM;9983;29;;;;;10002;15;10004;29;;;9992.5;0.0
-1;4700;ASH_COATED_OSMIUM;9985;15;9983;30;;;10001;15;;;;;9993.0;0.0
-1;4700;INTARIAN_PEPPER_ROOT;10996;18;;;;;11013;18;;;;;11004.5;0.0
-1;4800;INTARIAN_PEPPER_ROOT;10999;12;10996;23;;;11001;7;11011;12;11014;23;11000.0;0.0
-1;4800;ASH_COATED_OSMIUM;9985;14;;;;;10001;14;10004;22;;;9993.0;0.0
-1;4900;ASH_COATED_OSMIUM;9986;15;9983;22;;;10004;22;;;;;9995.0;0.0
-1;4900;INTARIAN_PEPPER_ROOT;10999;9;10996;18;;;11011;9;;;;;11005.0;0.0
-1;5000;INTARIAN_PEPPER_ROOT;10999;9;;;;;11011;9;11014;24;;;11005.0;0.0
-1;5000;ASH_COATED_OSMIUM;9986;13;9983;28;;;10002;13;10004;28;;;9994.0;0.0
-1;5100;ASH_COATED_OSMIUM;9986;11;9983;30;;;10002;11;10004;30;;;9994.0;0.0
-1;5100;INTARIAN_PEPPER_ROOT;10999;11;10996;17;;;11011;11;11014;17;;;11005.0;0.0
-1;5200;INTARIAN_PEPPER_ROOT;10999;10;10996;23;;;11011;10;11014;23;;;11005.0;0.0
-1;5200;ASH_COATED_OSMIUM;9986;11;9983;26;;;10004;26;;;;;9995.0;0.0
-1;5300;ASH_COATED_OSMIUM;9986;13;9984;20;;;10005;20;;;;;9995.5;0.0
-1;5300;INTARIAN_PEPPER_ROOT;10999;9;10997;23;;;11011;9;11014;23;;;11005.0;0.0
-1;5400;INTARIAN_PEPPER_ROOT;10997;15;;;;;11014;15;;;;;11005.5;0.0
-1;5400;ASH_COATED_OSMIUM;9987;13;9984;21;;;10005;21;;;;;9996.0;0.0
-1;5500;ASH_COATED_OSMIUM;9987;12;;;;;10003;12;10005;27;;;9995.0;0.0
-1;5500;INTARIAN_PEPPER_ROOT;10999;12;;;;;11014;22;;;;;11006.5;0.0
-1;5600;INTARIAN_PEPPER_ROOT;10997;15;;;;;11012;11;11014;15;;;11004.5;0.0
-1;5600;ASH_COATED_OSMIUM;9984;28;;;;;10005;28;;;;;9994.5;0.0
-1;5700;ASH_COATED_OSMIUM;9987;14;9984;27;;;10005;27;;;;;9996.0;0.0
-1;5700;INTARIAN_PEPPER_ROOT;11000;11;10997;18;;;11012;11;;;;;11006.0;0.0
-1;5800;INTARIAN_PEPPER_ROOT;10997;20;;;;;11015;20;;;;;11006.0;0.0
-1;5800;ASH_COATED_OSMIUM;9986;14;9984;30;;;10002;14;;;;;9994.0;0.0
-1;5900;ASH_COATED_OSMIUM;9986;14;9984;28;;;10002;14;10005;28;;;9994.0;0.0
-1;5900;INTARIAN_PEPPER_ROOT;11000;9;10997;19;;;11012;9;11015;19;;;11006.0;0.0
-1;6000;INTARIAN_PEPPER_ROOT;10997;23;;;;;11012;10;11015;23;;;11004.5;0.0
-1;6000;ASH_COATED_OSMIUM;9986;10;9984;30;;;10002;10;;;;;9994.0;0.0
-1;6100;ASH_COATED_OSMIUM;9986;14;9984;24;;;9992;8;10002;14;10005;24;9989.0;0.0
-1;6100;INTARIAN_PEPPER_ROOT;11000;10;10997;24;;;11012;10;11015;24;;;11006.0;0.0
-1;6200;INTARIAN_PEPPER_ROOT;11000;9;10997;19;;;11012;9;11015;19;;;11006.0;0.0
-1;6200;ASH_COATED_OSMIUM;9986;15;9984;21;;;9996;4;10002;15;10005;21;9991.0;0.0
-1;6300;ASH_COATED_OSMIUM;9986;12;9984;23;;;10002;12;10005;23;;;9994.0;0.0
-1;6300;INTARIAN_PEPPER_ROOT;11000;11;10998;17;;;11012;11;11015;17;;;11006.0;0.0
-1;6400;INTARIAN_PEPPER_ROOT;10998;24;;;;;11012;12;;;;;11005.0;0.0
-1;6400;ASH_COATED_OSMIUM;9992;4;9986;12;9984;24;10002;12;10005;24;;;9997.0;0.0
-1;6500;ASH_COATED_OSMIUM;9984;26;;;;;10005;26;;;;;9994.5;0.0
-1;6500;INTARIAN_PEPPER_ROOT;11000;11;10998;21;;;11013;11;11015;21;;;11006.5;0.0
-1;6600;INTARIAN_PEPPER_ROOT;11001;9;;;;;11015;20;;;;;11008.0;0.0
-1;6600;ASH_COATED_OSMIUM;9987;14;9985;24;;;10003;14;10006;24;;;9995.0;0.0
-1;6700;INTARIAN_PEPPER_ROOT;11001;9;10998;20;;;;;;;;;11001.0;0.0
-1;6700;ASH_COATED_OSMIUM;9987;10;9985;20;;;10003;10;10006;20;;;9995.0;0.0
-1;6800;INTARIAN_PEPPER_ROOT;11001;11;10998;21;;;11013;11;11016;21;;;11007.0;0.0
-1;6800;ASH_COATED_OSMIUM;9987;15;9984;30;;;10003;15;10005;30;;;9995.0;0.0
-1;6900;INTARIAN_PEPPER_ROOT;11001;12;10998;19;;;11013;12;11016;19;;;11007.0;0.0
-1;6900;ASH_COATED_OSMIUM;9987;15;9984;26;;;10003;15;10005;26;;;9995.0;0.0
-1;7000;INTARIAN_PEPPER_ROOT;11001;8;;;;;11013;8;;;;;11007.0;0.0
-1;7000;ASH_COATED_OSMIUM;9984;27;;;;;10003;11;10005;27;;;9993.5;0.0
-1;7100;INTARIAN_PEPPER_ROOT;11001;8;10998;23;;;11013;8;11016;23;;;11007.0;0.0
-1;7100;ASH_COATED_OSMIUM;9984;29;;;;;10003;13;10005;29;;;9993.5;0.0
-1;7200;INTARIAN_PEPPER_ROOT;11001;10;10998;17;;;11013;10;11016;17;;;11007.0;0.0
-1;7200;ASH_COATED_OSMIUM;9987;15;9984;27;;;10005;27;;;;;9996.0;0.0
-1;7300;INTARIAN_PEPPER_ROOT;11001;8;10999;19;;;11013;8;11016;19;;;11007.0;0.0
-1;7300;ASH_COATED_OSMIUM;9987;10;9985;29;;;10003;10;10006;29;;;9995.0;0.0
-1;7400;INTARIAN_PEPPER_ROOT;11001;12;10999;17;;;11013;12;11016;17;;;11007.0;0.0
-1;7400;ASH_COATED_OSMIUM;9988;15;;;;;10004;15;10006;22;;;9996.0;0.0
-1;7500;INTARIAN_PEPPER_ROOT;11001;12;10999;18;;;;;;;;;11001.0;0.0
-1;7500;ASH_COATED_OSMIUM;9985;25;;;;;10003;14;;;;;9994.0;0.0
-1;7600;INTARIAN_PEPPER_ROOT;11002;12;10999;19;;;11014;12;11016;19;;;11008.0;0.0
-1;7600;ASH_COATED_OSMIUM;9987;13;9985;20;;;10003;13;10006;20;;;9995.0;0.0
-1;7700;INTARIAN_PEPPER_ROOT;11002;12;;;;;11014;12;11016;21;;;11008.0;0.0
-1;7700;ASH_COATED_OSMIUM;9987;14;9984;22;;;10005;22;;;;;9996.0;0.0
-1;7800;INTARIAN_PEPPER_ROOT;11002;8;10999;17;;;11014;8;11017;17;;;11008.0;0.0
-1;7800;ASH_COATED_OSMIUM;9987;11;9985;22;;;10003;11;10006;22;;;9995.0;0.0
-1;7900;INTARIAN_PEPPER_ROOT;11002;9;;;;;11014;9;11017;19;;;11008.0;0.0
-1;7900;ASH_COATED_OSMIUM;9984;26;;;;;10005;26;;;;;9994.5;0.0
-1;8000;INTARIAN_PEPPER_ROOT;10999;21;;;;;11014;9;11017;21;;;11006.5;0.0
-1;8000;ASH_COATED_OSMIUM;9986;12;;;;;10002;12;10005;27;;;9994.0;0.0
-1;8100;INTARIAN_PEPPER_ROOT;11002;12;;;;;11014;12;11017;24;;;11008.0;0.0
-1;8100;ASH_COATED_OSMIUM;9986;11;9984;22;;;10002;11;;;;;9994.0;0.0
-1;8200;INTARIAN_PEPPER_ROOT;11002;11;;;;;11014;11;11017;15;;;11008.0;0.0
-1;8200;ASH_COATED_OSMIUM;9996;7;9986;13;9984;23;10002;13;10005;23;;;9999.0;0.0
-1;8300;ASH_COATED_OSMIUM;9987;13;9984;29;;;10003;13;10005;29;;;9995.0;0.0
-1;8300;INTARIAN_PEPPER_ROOT;11002;12;;;;;11014;12;;;;;11008.0;0.0
-1;8400;ASH_COATED_OSMIUM;9987;14;9984;28;;;10003;14;10005;28;;;9995.0;0.0
-1;8400;INTARIAN_PEPPER_ROOT;11002;9;11000;20;;;11014;9;;;;;11008.0;0.0
-1;8500;INTARIAN_PEPPER_ROOT;11002;8;11000;17;;;11005;4;11017;17;;;11003.5;0.0
-1;8500;ASH_COATED_OSMIUM;9987;11;9985;29;;;10003;11;10006;29;;;9995.0;0.0
-1;8600;INTARIAN_PEPPER_ROOT;11003;8;11000;23;;;11015;8;11017;23;;;11009.0;0.0
-1;8600;ASH_COATED_OSMIUM;9987;12;;;;;10005;22;;;;;9996.0;0.0
-1;8700;ASH_COATED_OSMIUM;9987;15;9984;27;;;10003;15;10005;27;;;9995.0;0.0
-1;8700;INTARIAN_PEPPER_ROOT;11000;16;;;;;11015;8;;;;;11007.5;0.0
-1;8800;ASH_COATED_OSMIUM;9985;25;;;;;10004;14;10006;25;;;9994.5;0.0
-1;8800;INTARIAN_PEPPER_ROOT;11003;11;11000;21;;;11015;11;11018;21;;;11009.0;0.0
-1;8900;INTARIAN_PEPPER_ROOT;11000;16;;;;;11015;11;;;;;11007.5;0.0
-1;8900;ASH_COATED_OSMIUM;9987;12;9985;26;;;10003;12;;;;;9995.0;0.0
-1;9000;INTARIAN_PEPPER_ROOT;11003;10;11000;17;;;11018;17;;;;;11010.5;0.0
-1;9000;ASH_COATED_OSMIUM;9988;11;9985;29;;;10004;11;;;;;9996.0;0.0
-1;9100;ASH_COATED_OSMIUM;9988;13;9986;27;;;10004;13;10007;27;;;9996.0;0.0
-1;9100;INTARIAN_PEPPER_ROOT;11003;10;11000;21;;;11015;10;11018;21;;;11009.0;0.0
-1;9200;ASH_COATED_OSMIUM;9988;13;9986;27;;;;;;;;;9988.0;0.0
-1;9200;INTARIAN_PEPPER_ROOT;11003;11;;;;;11015;11;;;;;11009.0;0.0
-1;9300;INTARIAN_PEPPER_ROOT;11003;8;11001;22;;;11015;8;11018;22;;;11009.0;0.0
-1;9300;ASH_COATED_OSMIUM;9988;13;9985;20;;;10004;13;10006;20;;;9996.0;0.0
-1;9400;INTARIAN_PEPPER_ROOT;11003;11;11001;21;;;11018;21;;;;;11010.5;0.0
-1;9400;ASH_COATED_OSMIUM;9988;14;9986;21;;;10004;14;;;;;9996.0;0.0
-1;9500;ASH_COATED_OSMIUM;9988;10;;;;;9998;4;10004;10;10007;30;9993.0;0.0
-1;9500;INTARIAN_PEPPER_ROOT;11003;12;;;;;11016;12;11018;19;;;11009.5;0.0
-1;9600;ASH_COATED_OSMIUM;9989;11;9986;30;;;10005;11;10007;30;;;9997.0;0.0
-1;9600;INTARIAN_PEPPER_ROOT;11004;8;11001;20;;;11018;20;;;;;11011.0;0.0
-1;9700;INTARIAN_PEPPER_ROOT;11004;8;11001;21;;;11016;8;11018;21;;;11010.0;0.0
-1;9700;ASH_COATED_OSMIUM;9989;14;9986;22;;;10005;14;10007;22;;;9997.0;0.0
-1;9800;INTARIAN_PEPPER_ROOT;11004;8;11001;17;;;11016;8;11019;17;;;11010.0;0.0
-1;9800;ASH_COATED_OSMIUM;9988;14;9986;26;;;10004;14;10007;26;;;9996.0;0.0
-1;9900;ASH_COATED_OSMIUM;9989;13;9986;25;;;10005;13;10007;25;;;9997.0;0.0
-1;9900;INTARIAN_PEPPER_ROOT;11001;17;;;;;;;;;;;11001.0;0.0
-1;10000;ASH_COATED_OSMIUM;9988;14;9986;28;;;10007;28;;;;;9997.5;0.0
-1;10000;INTARIAN_PEPPER_ROOT;11004;10;11001;20;;;11016;10;11019;20;;;11010.0;0.0
-1;10100;INTARIAN_PEPPER_ROOT;11004;10;11001;18;;;11016;10;11019;18;;;11010.0;0.0
-1;10100;ASH_COATED_OSMIUM;9988;15;9986;24;;;10004;15;;;;;9996.0;0.0
-1;10200;INTARIAN_PEPPER_ROOT;11004;9;11001;20;;;11016;9;;;;;11010.0;0.0
-1;10200;ASH_COATED_OSMIUM;9988;13;9986;26;;;10004;13;10007;26;;;9996.0;0.0
-1;10300;ASH_COATED_OSMIUM;9988;13;;;;;10004;13;10007;27;;;9996.0;0.0
-1;10300;INTARIAN_PEPPER_ROOT;11004;11;11002;22;;;11016;11;11019;22;;;11010.0;0.0
-1;10400;ASH_COATED_OSMIUM;9986;28;;;;;10005;14;10007;28;;;9995.5;0.0
-1;10400;INTARIAN_PEPPER_ROOT;11004;9;11002;23;;;11016;9;;;;;11010.0;0.0
-1;10500;INTARIAN_PEPPER_ROOT;11004;10;11002;25;;;11007;6;11017;10;11019;25;11005.5;0.0
-1;10500;ASH_COATED_OSMIUM;9988;15;9986;29;;;10004;15;10007;29;;;9996.0;0.0
-1;10600;INTARIAN_PEPPER_ROOT;11005;8;11002;25;;;11017;8;11019;25;;;11011.0;0.0
-1;10600;ASH_COATED_OSMIUM;9989;15;9987;29;;;10005;15;10008;29;;;9997.0;0.0
-1;10700;ASH_COATED_OSMIUM;9989;10;9986;28;;;10005;10;10007;28;;;9997.0;0.0
-1;10700;INTARIAN_PEPPER_ROOT;11002;15;;;;;11019;15;;;;;11010.5;0.0
-1;10800;ASH_COATED_OSMIUM;9986;22;;;;;10004;15;10007;22;;;9995.0;0.0
-1;10800;INTARIAN_PEPPER_ROOT;11005;12;11002;20;;;11017;12;;;;;11011.0;0.0
-1;10900;INTARIAN_PEPPER_ROOT;11005;10;11002;17;;;11017;10;11020;17;;;11011.0;0.0
-1;10900;ASH_COATED_OSMIUM;9986;27;;;;;10004;15;10007;27;;;9995.0;0.0
-1;11000;INTARIAN_PEPPER_ROOT;11002;17;;;;;11017;11;11020;17;;;11009.5;0.0
-1;11000;ASH_COATED_OSMIUM;9988;10;;;;;10004;10;10007;24;;;9996.0;0.0
-1;11100;INTARIAN_PEPPER_ROOT;11005;9;11002;22;;;11017;9;11020;22;;;11011.0;0.0
-1;11100;ASH_COATED_OSMIUM;9988;10;9986;21;;;10007;21;;;;;9997.5;0.0
-1;11200;INTARIAN_PEPPER_ROOT;11005;10;11002;15;;;11020;15;;;;;11012.5;0.0
-1;11200;ASH_COATED_OSMIUM;9989;11;;;;;10005;11;10007;21;;;9997.0;0.0
-1;11300;INTARIAN_PEPPER_ROOT;11005;11;11003;24;;;11017;11;11020;24;;;11011.0;0.0
-1;11300;ASH_COATED_OSMIUM;9989;12;9986;21;;;10005;12;10007;21;;;9997.0;0.0
-1;11400;INTARIAN_PEPPER_ROOT;11005;8;11003;19;;;11017;8;11020;19;;;11011.0;0.0
-1;11400;ASH_COATED_OSMIUM;9989;14;;;;;10007;25;;;;;9998.0;0.0
-1;11500;INTARIAN_PEPPER_ROOT;11005;8;11003;21;;;11018;8;11020;21;;;11011.5;0.0
-1;11500;ASH_COATED_OSMIUM;9989;11;9986;25;;;10005;11;10007;25;;;9997.0;0.0
-1;11600;INTARIAN_PEPPER_ROOT;11006;8;11003;18;;;11020;18;;;;;11013.0;0.0
-1;11600;ASH_COATED_OSMIUM;9990;11;9987;27;;;10006;11;10008;27;;;9998.0;0.0
-1;11700;INTARIAN_PEPPER_ROOT;;;;;;;11018;12;11020;19;;;11018.0;0.0
-1;11700;ASH_COATED_OSMIUM;9989;12;9987;21;;;10005;12;;;;;9997.0;0.0
-1;11800;INTARIAN_PEPPER_ROOT;11003;25;;;;;;;;;;;11003.0;0.0
-1;11800;ASH_COATED_OSMIUM;9999;6;9989;15;9987;29;10005;15;10008;29;;;10002.0;0.0
-1;11900;INTARIAN_PEPPER_ROOT;11006;11;11003;20;;;11018;11;11021;20;;;11012.0;0.0
-1;11900;ASH_COATED_OSMIUM;9989;12;;;;;10005;12;10007;30;;;9997.0;0.0
-1;12000;INTARIAN_PEPPER_ROOT;11006;9;11003;18;;;11018;9;11021;18;;;11012.0;0.0
-1;12000;ASH_COATED_OSMIUM;9989;14;9987;20;;;10005;14;;;;;9997.0;0.0
-1;12100;INTARIAN_PEPPER_ROOT;11006;9;11003;22;;;11021;22;;;;;11013.5;0.0
-1;12100;ASH_COATED_OSMIUM;9987;25;;;;;10005;13;10008;25;;;9996.0;0.0
-1;12200;INTARIAN_PEPPER_ROOT;11006;9;11003;22;;;11021;22;;;;;11013.5;0.0
-1;12200;ASH_COATED_OSMIUM;;;;;;;10005;12;10007;28;;;10005.0;0.0
-1;12300;INTARIAN_PEPPER_ROOT;11006;10;11004;25;;;11018;10;;;;;11012.0;0.0
-1;12300;ASH_COATED_OSMIUM;9994;5;9986;28;;;10005;10;10007;28;;;9999.5;0.0
-1;12400;INTARIAN_PEPPER_ROOT;11006;9;;;;;11018;9;;;;;11012.0;0.0
-1;12400;ASH_COATED_OSMIUM;9987;26;;;;;10005;12;10008;26;;;9996.0;0.0
-1;12500;INTARIAN_PEPPER_ROOT;11006;9;11004;20;;;11019;9;11021;20;;;11012.5;0.0
-1;12500;ASH_COATED_OSMIUM;9989;15;9986;20;;;;;;;;;9989.0;0.0
-1;12600;INTARIAN_PEPPER_ROOT;11007;11;11004;18;;;11019;11;11021;18;;;11013.0;0.0
-1;12600;ASH_COATED_OSMIUM;9989;14;;;;;10005;14;10008;22;;;9997.0;0.0
-1;12700;ASH_COATED_OSMIUM;;;;;;;;;;;;;0.0;0.0
-1;12700;INTARIAN_PEPPER_ROOT;11007;12;11004;15;;;11019;12;;;;;11013.0;0.0
-1;12800;INTARIAN_PEPPER_ROOT;11007;10;11004;25;;;11019;10;11022;25;;;11013.0;0.0
-1;12800;ASH_COATED_OSMIUM;9989;12;9987;20;;;10005;12;10008;20;;;9997.0;0.0
-1;12900;ASH_COATED_OSMIUM;9989;15;9986;28;;;10007;28;;;;;9998.0;0.0
-1;12900;INTARIAN_PEPPER_ROOT;11007;9;11004;16;;;11019;9;11022;16;;;11013.0;0.0
-1;13000;INTARIAN_PEPPER_ROOT;11004;21;;;;;11019;10;11022;21;;;11011.5;0.0
-1;13000;ASH_COATED_OSMIUM;9989;11;;;;;10005;11;;;;;9997.0;0.0
-1;13100;ASH_COATED_OSMIUM;9989;13;9986;25;;;10005;13;10007;25;;;9997.0;0.0
-1;13100;INTARIAN_PEPPER_ROOT;11007;11;11004;17;;;11019;11;11022;17;;;11013.0;0.0
-1;13200;INTARIAN_PEPPER_ROOT;11007;10;11004;25;;;;;;;;;11007.0;0.0
-1;13200;ASH_COATED_OSMIUM;9987;22;;;;;9995;4;10005;12;10008;22;9991.0;0.0
-1;13300;ASH_COATED_OSMIUM;9989;13;9987;24;;;10005;13;10008;24;;;9997.0;0.0
-1;13300;INTARIAN_PEPPER_ROOT;11007;9;;;;;11019;9;11022;17;;;11013.0;0.0
-1;13400;INTARIAN_PEPPER_ROOT;11007;12;11005;22;;;11019;12;11022;22;;;11013.0;0.0
-1;13400;ASH_COATED_OSMIUM;9989;14;9987;30;;;10008;30;;;;;9998.5;0.0
-1;13500;ASH_COATED_OSMIUM;9989;11;9986;30;;;10005;11;10007;30;;;9997.0;0.0
-1;13500;INTARIAN_PEPPER_ROOT;11007;11;11005;24;;;11020;11;11022;24;;;11013.5;0.0
-1;13600;INTARIAN_PEPPER_ROOT;11005;20;;;;;11020;11;11022;20;;;11012.5;0.0
-1;13600;ASH_COATED_OSMIUM;9989;10;9986;25;;;10005;10;10007;25;;;9997.0;0.0
-1;13700;ASH_COATED_OSMIUM;9989;15;9986;20;;;10005;15;;;;;9997.0;0.0
-1;13700;INTARIAN_PEPPER_ROOT;11011;5;11008;8;11005;23;11020;8;11022;23;;;11015.5;0.0
-1;13800;INTARIAN_PEPPER_ROOT;11008;9;11005;16;;;11020;9;11023;16;;;11014.0;0.0
-1;13800;ASH_COATED_OSMIUM;9989;15;9987;20;;;10005;15;10008;20;;;9997.0;0.0
-1;13900;ASH_COATED_OSMIUM;9987;20;;;;;10006;15;10008;20;;;9996.5;0.0
-1;13900;INTARIAN_PEPPER_ROOT;11005;15;;;;;11020;11;11023;15;;;11012.5;0.0
-1;14000;INTARIAN_PEPPER_ROOT;11008;11;11005;16;;;11020;11;11023;16;;;11014.0;0.0
-1;14000;ASH_COATED_OSMIUM;9990;15;9988;27;;;10009;27;;;;;9999.5;0.0
-1;14100;ASH_COATED_OSMIUM;9990;15;9988;23;;;10006;15;10009;23;;;9998.0;0.0
-1;14100;INTARIAN_PEPPER_ROOT;11008;10;11005;19;;;11020;10;;;;;11014.0;0.0
-1;14200;INTARIAN_PEPPER_ROOT;11008;10;11005;25;;;11023;25;;;;;11015.5;0.0
-1;14200;ASH_COATED_OSMIUM;9990;14;9987;21;;;10006;14;10008;21;;;9998.0;0.0
-1;14300;ASH_COATED_OSMIUM;9990;15;9988;27;;;10006;15;10009;27;;;9998.0;0.0
-1;14300;INTARIAN_PEPPER_ROOT;11008;12;11006;20;;;11020;12;;;;;11014.0;0.0
-1;14400;INTARIAN_PEPPER_ROOT;11008;11;11006;21;;;11020;11;;;;;11014.0;0.0
-1;14400;ASH_COATED_OSMIUM;9988;29;;;;;10009;29;;;;;9998.5;0.0
-1;14500;ASH_COATED_OSMIUM;9991;13;9989;24;;;10010;24;;;;;10000.5;0.0
-1;14500;INTARIAN_PEPPER_ROOT;11008;12;;;;;11021;12;;;;;11014.5;0.0
-1;14600;INTARIAN_PEPPER_ROOT;;;;;;;11021;8;11023;22;;;11021.0;0.0
-1;14600;ASH_COATED_OSMIUM;9991;11;9989;26;;;10007;11;;;;;9999.0;0.0
-1;14700;ASH_COATED_OSMIUM;9991;12;9989;30;;;10001;2;;;;;9996.0;0.0
-1;14700;INTARIAN_PEPPER_ROOT;11009;10;11006;22;;;11023;22;;;;;11016.0;0.0
-1;14800;INTARIAN_PEPPER_ROOT;;;;;;;11021;8;11024;17;;;11021.0;0.0
-1;14800;ASH_COATED_OSMIUM;9992;11;9989;28;;;10008;11;10010;28;;;10000.0;0.0
-1;14900;ASH_COATED_OSMIUM;9989;26;;;;;10007;12;10010;26;;;9998.0;0.0
-1;14900;INTARIAN_PEPPER_ROOT;11009;11;11006;22;;;11021;11;11024;22;;;11015.0;0.0
-1;15000;INTARIAN_PEPPER_ROOT;11009;10;;;;;11021;10;;;;;11015.0;0.0
-1;15000;ASH_COATED_OSMIUM;9992;14;9989;25;;;10010;25;;;;;10001.0;0.0
-1;15100;ASH_COATED_OSMIUM;9992;10;9990;22;;;10008;10;10011;22;;;10000.0;0.0
-1;15100;INTARIAN_PEPPER_ROOT;11009;12;11006;25;;;11021;12;11024;25;;;11015.0;0.0
-1;15200;INTARIAN_PEPPER_ROOT;11009;8;11006;17;;;11024;17;;;;;11016.5;0.0
-1;15200;ASH_COATED_OSMIUM;9992;11;9990;27;;;10008;11;10011;27;;;10000.0;0.0
-1;15300;ASH_COATED_OSMIUM;;;;;;;10009;13;10011;26;;;10009.0;0.0
-1;15300;INTARIAN_PEPPER_ROOT;11009;12;11007;21;;;11024;21;;;;;11016.5;0.0
-1;15400;INTARIAN_PEPPER_ROOT;11009;12;11007;18;;;11012;5;11021;12;;;11010.5;0.0
-1;15400;ASH_COATED_OSMIUM;9993;15;9990;28;;;10009;15;10011;28;;;10001.0;0.0
-1;15500;INTARIAN_PEPPER_ROOT;11007;25;;;;;11022;8;11024;25;;;11014.5;0.0
-1;15500;ASH_COATED_OSMIUM;9992;11;9990;29;;;10008;11;10011;29;;;10000.0;0.0
-1;15600;INTARIAN_PEPPER_ROOT;11010;11;11007;22;;;11022;11;11024;22;;;11016.0;0.0
-1;15600;ASH_COATED_OSMIUM;9992;12;9990;24;;;10011;24;;;;;10001.5;0.0
-1;15700;INTARIAN_PEPPER_ROOT;11010;11;11007;15;;;11022;11;11024;15;;;11016.0;0.0
-1;15700;ASH_COATED_OSMIUM;9993;10;9990;24;;;10009;10;10011;24;;;10001.0;0.0
-1;15800;INTARIAN_PEPPER_ROOT;11010;9;11007;21;;;11025;21;;;;;11017.5;0.0
-1;15800;ASH_COATED_OSMIUM;9990;20;;;;;10008;12;10011;20;;;9999.0;0.0
-1;15900;INTARIAN_PEPPER_ROOT;11010;12;11007;16;;;11022;12;11025;16;;;11016.0;0.0
-1;15900;ASH_COATED_OSMIUM;9993;10;9990;29;;;10009;10;10011;29;;;10001.0;0.0
-1;16000;INTARIAN_PEPPER_ROOT;11010;8;;;;;11022;8;11025;19;;;11016.0;0.0
-1;16000;ASH_COATED_OSMIUM;;;;;;;10008;10;10011;27;;;10008.0;0.0
-1;16100;INTARIAN_PEPPER_ROOT;11007;24;;;;;11025;24;;;;;11016.0;0.0
-1;16100;ASH_COATED_OSMIUM;9992;11;9989;21;;;10010;21;;;;;10001.0;0.0
-1;16200;INTARIAN_PEPPER_ROOT;11010;11;11007;15;;;11025;15;;;;;11017.5;0.0
-1;16200;ASH_COATED_OSMIUM;9990;24;;;;;10008;14;10011;24;;;9999.0;0.0
-1;16300;INTARIAN_PEPPER_ROOT;11010;10;11008;22;;;11022;10;11025;22;;;11016.0;0.0
-1;16300;ASH_COATED_OSMIUM;9992;11;;;;;10008;11;10010;22;;;10000.0;0.0
-1;16400;INTARIAN_PEPPER_ROOT;11010;8;11008;25;;;11022;8;11025;25;;;11016.0;0.0
-1;16400;ASH_COATED_OSMIUM;9992;13;9990;30;;;10008;13;;;;;10000.0;0.0
-1;16500;INTARIAN_PEPPER_ROOT;11010;10;11008;23;;;11023;10;;;;;11016.5;0.0
-1;16500;ASH_COATED_OSMIUM;9992;12;9990;21;;;10008;12;10011;21;;;10000.0;0.0
-1;16600;INTARIAN_PEPPER_ROOT;11011;9;11008;21;;;11023;9;11025;21;;;11017.0;0.0
-1;16600;ASH_COATED_OSMIUM;9992;15;9990;28;;;10008;15;10011;28;;;10000.0;0.0
-1;16700;INTARIAN_PEPPER_ROOT;11008;21;;;;;;;;;;;11008.0;0.0
-1;16700;ASH_COATED_OSMIUM;9993;15;;;;;10009;15;;;;;10001.0;0.0
-1;16800;INTARIAN_PEPPER_ROOT;11011;10;11008;19;;;11023;10;11026;19;;;11017.0;0.0
-1;16800;ASH_COATED_OSMIUM;9993;13;;;;;10012;26;;;;;10002.5;0.0
-1;16900;INTARIAN_PEPPER_ROOT;11011;8;11008;20;;;11023;8;11026;20;;;11017.0;0.0
-1;16900;ASH_COATED_OSMIUM;9994;12;9991;25;;;10012;25;;;;;10003.0;0.0
-1;17000;ASH_COATED_OSMIUM;9994;14;9991;29;;;10010;14;;;;;10002.0;0.0
-1;17000;INTARIAN_PEPPER_ROOT;11008;25;;;;;11023;8;11026;25;;;11015.5;0.0
-1;17100;INTARIAN_PEPPER_ROOT;11008;17;;;;;11023;8;11026;17;;;11015.5;0.0
-1;17100;ASH_COATED_OSMIUM;9993;14;;;;;10009;14;10012;21;;;10001.0;0.0
-1;17200;INTARIAN_PEPPER_ROOT;11011;12;;;;;11023;12;11026;23;;;11017.0;0.0
-1;17200;ASH_COATED_OSMIUM;9994;10;9991;22;;;10010;10;10012;22;;;10002.0;0.0
-1;17300;ASH_COATED_OSMIUM;9994;12;9992;23;;;10010;12;10013;23;;;10002.0;0.0
-1;17300;INTARIAN_PEPPER_ROOT;11011;8;11009;21;;;11026;21;;;;;11018.5;0.0
-1;17400;ASH_COATED_OSMIUM;9994;13;9992;28;;;10010;13;10013;28;;;10002.0;0.0
-1;17400;INTARIAN_PEPPER_ROOT;11011;8;11009;19;;;11026;19;;;;;11018.5;0.0
-1;17500;INTARIAN_PEPPER_ROOT;11011;10;11009;25;;;11024;10;11026;25;;;11017.5;0.0
-1;17500;ASH_COATED_OSMIUM;9994;11;;;;;10013;26;;;;;10003.5;0.0
-1;17600;INTARIAN_PEPPER_ROOT;11012;9;;;;;11024;9;11026;23;;;11018.0;0.0
-1;17600;ASH_COATED_OSMIUM;9994;10;9991;30;;;10010;10;10012;30;;;10002.0;0.0
-1;17700;ASH_COATED_OSMIUM;;;;;;;10010;13;10013;27;;;10010.0;0.0
-1;17700;INTARIAN_PEPPER_ROOT;;;;;;;11024;9;11026;19;;;11024.0;0.0
-1;17800;ASH_COATED_OSMIUM;9994;13;9991;24;;;10003;4;10010;13;10012;24;9998.5;0.0
-1;17800;INTARIAN_PEPPER_ROOT;11012;9;11009;22;;;11027;22;;;;;11019.5;0.0
-1;17900;INTARIAN_PEPPER_ROOT;11012;12;11009;17;;;11024;12;11027;17;;;11018.0;0.0
-1;17900;ASH_COATED_OSMIUM;9994;13;9991;23;;;10012;23;;;;;10003.0;0.0
-1;18000;INTARIAN_PEPPER_ROOT;11012;11;11009;15;;;11024;11;;;;;11018.0;0.0
-1;18000;ASH_COATED_OSMIUM;9991;25;;;;;10010;14;10012;25;;;10000.5;0.0
-1;18100;ASH_COATED_OSMIUM;9994;10;9991;20;;;10010;10;10012;20;;;10002.0;0.0
-1;18100;INTARIAN_PEPPER_ROOT;11012;9;11009;22;;;11024;9;11027;22;;;11018.0;0.0
-1;18200;ASH_COATED_OSMIUM;9993;15;9991;25;;;10009;15;;;;;10001.0;0.0
-1;18200;INTARIAN_PEPPER_ROOT;;;;;;;11024;12;11027;20;;;11024.0;0.0
-1;18300;INTARIAN_PEPPER_ROOT;11012;11;;;;;11024;11;11027;24;;;11018.0;0.0
-1;18300;ASH_COATED_OSMIUM;9993;15;9991;23;;;10009;15;10012;23;;;10001.0;0.0
-1;18400;INTARIAN_PEPPER_ROOT;11010;25;;;;;11027;25;;;;;11018.5;0.0
-1;18400;ASH_COATED_OSMIUM;9994;12;9991;23;;;10010;12;10012;23;;;10002.0;0.0
-1;18500;ASH_COATED_OSMIUM;9994;10;9991;29;;;10010;10;10012;29;;;10002.0;0.0
-1;18500;INTARIAN_PEPPER_ROOT;11010;25;;;;;11025;8;11027;25;;;11017.5;0.0
-1;18600;ASH_COATED_OSMIUM;9993;12;9990;20;;;10009;12;10011;20;;;10001.0;0.0
-1;18600;INTARIAN_PEPPER_ROOT;11013;8;11010;23;;;11027;23;;;;;11020.0;0.0
-1;18700;INTARIAN_PEPPER_ROOT;11013;9;11010;22;;;11025;9;11027;22;;;11019.0;0.0
-1;18700;ASH_COATED_OSMIUM;9992;13;9990;22;;;9998;4;10008;13;10011;22;9995.0;0.0
-1;18800;INTARIAN_PEPPER_ROOT;11013;10;11010;21;;;11028;21;;;;;11020.5;0.0
-1;18800;ASH_COATED_OSMIUM;9992;13;9990;26;;;10008;13;10011;26;;;10000.0;0.0
-1;18900;ASH_COATED_OSMIUM;9992;14;;;;;10008;14;10011;22;;;10000.0;0.0
-1;18900;INTARIAN_PEPPER_ROOT;11013;11;11010;23;;;;;;;;;11013.0;0.0
-1;19000;ASH_COATED_OSMIUM;9992;10;9990;26;;;10008;10;10011;26;;;10000.0;0.0
-1;19000;INTARIAN_PEPPER_ROOT;11013;11;11010;22;;;11025;11;11028;22;;;11019.0;0.0
-1;19100;INTARIAN_PEPPER_ROOT;11010;20;;;;;11025;8;11028;20;;;11017.5;0.0
-1;19100;ASH_COATED_OSMIUM;9990;26;;;;;10008;14;;;;;9999.0;0.0
-1;19200;INTARIAN_PEPPER_ROOT;11013;8;;;;;11025;8;11028;24;;;11019.0;0.0
-1;19200;ASH_COATED_OSMIUM;9990;20;;;;;10009;15;10011;20;;;9999.5;0.0
-1;19300;ASH_COATED_OSMIUM;10002;9;9992;10;9990;21;10008;10;10011;21;;;10005.0;0.0
-1;19300;INTARIAN_PEPPER_ROOT;11013;11;11011;18;;;11025;11;11028;18;;;11019.0;0.0
-1;19400;ASH_COATED_OSMIUM;9993;11;;;;;10009;11;10011;26;;;10001.0;0.0
-1;19400;INTARIAN_PEPPER_ROOT;11013;10;11011;18;;;11025;10;;;;;11019.0;0.0
-1;19500;INTARIAN_PEPPER_ROOT;11011;17;;;;;11026;12;;;;;11018.5;0.0
-1;19500;ASH_COATED_OSMIUM;9992;12;9990;23;;;;;;;;;9992.0;0.0
-1;19600;INTARIAN_PEPPER_ROOT;11014;10;11011;18;;;11026;10;11028;18;;;11020.0;0.0
-1;19600;ASH_COATED_OSMIUM;9992;12;9990;27;;;10011;27;;;;;10001.5;0.0
-1;19700;ASH_COATED_OSMIUM;9990;30;;;;;10008;12;10011;30;;;9999.0;0.0
-1;19700;INTARIAN_PEPPER_ROOT;11011;18;;;;;11026;12;11028;18;;;11018.5;0.0
-1;19800;ASH_COATED_OSMIUM;9998;4;9993;10;;;10009;10;10011;29;;;10003.5;0.0
-1;19800;INTARIAN_PEPPER_ROOT;11014;9;11011;24;;;11026;9;11029;24;;;11020.0;0.0
-1;19900;INTARIAN_PEPPER_ROOT;11014;10;11011;18;;;11026;10;11029;18;;;11020.0;0.0
-1;19900;ASH_COATED_OSMIUM;9993;10;9991;30;;;10012;30;;;;;10002.5;0.0
-1;20000;INTARIAN_PEPPER_ROOT;11011;15;;;;;11029;15;;;;;11020.0;0.0
-1;20000;ASH_COATED_OSMIUM;9990;27;;;;;10009;14;;;;;9999.5;0.0
-1;20100;INTARIAN_PEPPER_ROOT;11014;10;11011;16;;;11026;10;11029;16;;;11020.0;0.0
-1;20100;ASH_COATED_OSMIUM;9993;14;;;;;10009;14;10011;30;;;10001.0;0.0
-1;20200;INTARIAN_PEPPER_ROOT;11014;8;11011;23;;;11026;8;11029;23;;;11020.0;0.0
-1;20200;ASH_COATED_OSMIUM;9993;14;9990;29;;;10009;14;10011;29;;;10001.0;0.0
-1;20300;INTARIAN_PEPPER_ROOT;;;;;;;11026;12;11029;20;;;11026.0;0.0
-1;20300;ASH_COATED_OSMIUM;9992;12;9990;27;;;10008;12;;;;;10000.0;0.0
-1;20400;INTARIAN_PEPPER_ROOT;11014;12;11012;25;;;;;;;;;11014.0;0.0
-1;20400;ASH_COATED_OSMIUM;9992;10;9990;28;;;10011;28;;;;;10001.5;0.0
-1;20500;INTARIAN_PEPPER_ROOT;11014;10;11012;20;;;11027;10;11029;20;;;11020.5;0.0
-1;20500;ASH_COATED_OSMIUM;9992;12;9990;30;;;10008;12;;;;;10000.0;0.0
-1;20600;INTARIAN_PEPPER_ROOT;11015;12;11012;25;;;11027;12;11029;25;;;11021.0;0.0
-1;20600;ASH_COATED_OSMIUM;9993;10;;;;;10009;10;;;;;10001.0;0.0
-1;20700;INTARIAN_PEPPER_ROOT;11015;9;11012;20;;;11029;20;;;;;11022.0;0.0
-1;20700;ASH_COATED_OSMIUM;9992;14;9990;22;;;10008;14;10011;22;;;10000.0;0.0
-1;20800;INTARIAN_PEPPER_ROOT;11012;23;;;;;11027;9;11030;23;;;11019.5;0.0
-1;20800;ASH_COATED_OSMIUM;9992;10;;;;;10008;10;10011;22;;;10000.0;0.0
-1;20900;INTARIAN_PEPPER_ROOT;11015;9;11012;19;;;11027;9;11030;19;;;11021.0;0.0
-1;20900;ASH_COATED_OSMIUM;9992;10;9990;23;;;10008;10;10011;23;;;10000.0;0.0
-1;21000;INTARIAN_PEPPER_ROOT;11015;11;11012;21;;;11023;5;11030;21;;;11019.0;0.0
-1;21000;ASH_COATED_OSMIUM;9992;11;9990;26;;;10008;11;10011;26;;;10000.0;0.0
-1;21100;INTARIAN_PEPPER_ROOT;11015;11;11012;20;;;11027;11;11030;20;;;11021.0;0.0
-1;21100;ASH_COATED_OSMIUM;9992;12;9989;22;;;10008;12;10010;22;;;10000.0;0.0
-1;21200;INTARIAN_PEPPER_ROOT;11015;11;11012;22;;;11027;11;11030;22;;;11021.0;0.0
-1;21200;ASH_COATED_OSMIUM;9992;10;9990;22;;;;;;;;;9992.0;0.0
-1;21300;INTARIAN_PEPPER_ROOT;11015;10;11013;22;;;;;;;;;11015.0;0.0
-1;21300;ASH_COATED_OSMIUM;9992;12;9990;29;;;10008;12;10011;29;;;10000.0;0.0
-1;21400;INTARIAN_PEPPER_ROOT;11015;8;11013;15;;;11027;8;11030;15;;;11021.0;0.0
-1;21400;ASH_COATED_OSMIUM;9990;28;;;;;10009;13;;;;;9999.5;0.0
-1;21500;ASH_COATED_OSMIUM;9992;10;;;;;10008;10;;;;;10000.0;0.0
-1;21500;INTARIAN_PEPPER_ROOT;11015;8;11013;17;;;11028;8;11030;17;;;11021.5;0.0
-1;21600;INTARIAN_PEPPER_ROOT;11016;12;11013;16;;;11028;12;11030;16;;;11022.0;0.0
-1;21600;ASH_COATED_OSMIUM;9990;25;;;;;10008;10;10011;25;;;9999.0;0.0
-1;21700;ASH_COATED_OSMIUM;9992;14;9989;29;;;;;;;;;9992.0;0.0
-1;21700;INTARIAN_PEPPER_ROOT;11016;10;11013;20;;;11030;20;;;;;11023.0;0.0
-1;21800;INTARIAN_PEPPER_ROOT;11016;8;11013;24;;;11028;8;11031;24;;;11022.0;0.0
-1;21800;ASH_COATED_OSMIUM;9989;22;;;;;10007;14;10010;22;;;9998.0;0.0
-1;21900;ASH_COATED_OSMIUM;9991;14;9989;21;;;10007;14;;;;;9999.0;0.0
-1;21900;INTARIAN_PEPPER_ROOT;11016;8;11013;21;;;11028;8;11031;21;;;11022.0;0.0
-1;22000;INTARIAN_PEPPER_ROOT;11013;19;;;;;11031;19;;;;;11022.0;0.0
-1;22000;ASH_COATED_OSMIUM;9991;13;9989;21;;;10007;13;10010;21;;;9999.0;0.0
-1;22100;ASH_COATED_OSMIUM;10001;10;9991;12;9989;22;10007;12;10010;22;;;10004.0;0.0
-1;22100;INTARIAN_PEPPER_ROOT;11013;25;;;;;11028;8;11031;25;;;11020.5;0.0
-1;22200;INTARIAN_PEPPER_ROOT;11016;11;11013;16;;;11028;11;11031;16;;;11022.0;0.0
-1;22200;ASH_COATED_OSMIUM;9991;12;9989;20;;;10007;12;10010;20;;;9999.0;0.0
-1;22300;ASH_COATED_OSMIUM;9992;13;9989;28;;;10010;28;;;;;10001.0;0.0
-1;22300;INTARIAN_PEPPER_ROOT;11016;11;11014;23;;;11028;11;11031;23;;;11022.0;0.0
-1;22400;INTARIAN_PEPPER_ROOT;11016;12;11014;18;;;11028;12;11031;18;;;11022.0;0.0
-1;22400;ASH_COATED_OSMIUM;9989;27;;;;;10007;12;10010;27;;;9998.0;0.0
-1;22500;ASH_COATED_OSMIUM;9991;14;;;;;10007;14;10010;29;;;9999.0;0.0
-1;22500;INTARIAN_PEPPER_ROOT;11016;8;11014;17;;;11029;8;11031;17;;;11022.5;0.0
-1;22600;INTARIAN_PEPPER_ROOT;11017;10;11014;24;;;11029;10;11031;24;;;11023.0;0.0
-1;22600;ASH_COATED_OSMIUM;9991;14;9989;20;;;10007;14;;;;;9999.0;0.0
-1;22700;ASH_COATED_OSMIUM;9991;14;;;;;10007;14;10010;24;;;9999.0;0.0
-1;22700;INTARIAN_PEPPER_ROOT;11017;11;11014;20;;;11031;20;;;;;11024.0;0.0
-1;22800;INTARIAN_PEPPER_ROOT;11017;10;11014;24;;;;;;;;;11017.0;0.0
-1;22800;ASH_COATED_OSMIUM;9988;27;;;;;10007;14;10009;27;;;9997.5;0.0
-1;22900;ASH_COATED_OSMIUM;9991;11;9988;30;;;10007;11;;;;;9999.0;0.0
-1;22900;INTARIAN_PEPPER_ROOT;11017;12;;;;;11032;22;;;;;11024.5;0.0
-1;23000;INTARIAN_PEPPER_ROOT;11017;12;11014;23;;;11029;12;11032;23;;;11023.0;0.0
-1;23000;ASH_COATED_OSMIUM;9991;13;;;;;10007;13;;;;;9999.0;0.0
-1;23100;ASH_COATED_OSMIUM;9991;10;;;;;10010;23;;;;;10000.5;0.0
-1;23100;INTARIAN_PEPPER_ROOT;11017;12;11014;18;;;11029;12;11032;18;;;11023.0;0.0
-1;23200;INTARIAN_PEPPER_ROOT;11017;10;;;;;11029;10;;;;;11023.0;0.0
-1;23200;ASH_COATED_OSMIUM;9991;15;9989;29;;;10007;15;10010;29;;;9999.0;0.0
-1;23300;ASH_COATED_OSMIUM;9991;15;9989;29;;;10001;3;10010;29;;;9996.0;0.0
-1;23300;INTARIAN_PEPPER_ROOT;11017;12;11015;23;;;11029;12;11032;23;;;11023.0;0.0
-1;23400;INTARIAN_PEPPER_ROOT;11017;8;;;;;11029;8;;;;;11023.0;0.0
-1;23400;ASH_COATED_OSMIUM;9991;11;9989;29;;;10007;11;10010;29;;;9999.0;0.0
-1;23500;ASH_COATED_OSMIUM;9991;10;;;;;10007;10;10010;28;;;9999.0;0.0
-1;23500;INTARIAN_PEPPER_ROOT;11017;8;;;;;11030;8;;;;;11023.5;0.0
-1;23600;INTARIAN_PEPPER_ROOT;11018;8;11015;15;;;11030;8;11032;15;;;11024.0;0.0
-1;23600;ASH_COATED_OSMIUM;9989;27;;;;;10008;11;10010;27;;;9998.5;0.0
-1;23700;ASH_COATED_OSMIUM;9991;12;9989;21;;;10001;2;10007;12;10010;21;9996.0;0.0
-1;23700;INTARIAN_PEPPER_ROOT;11018;11;;;;;11032;22;;;;;11025.0;0.0
-1;23800;INTARIAN_PEPPER_ROOT;11018;12;11015;23;;;11030;12;11033;23;;;11024.0;0.0
-1;23800;ASH_COATED_OSMIUM;9991;12;9988;30;;;10007;12;10009;30;;;9999.0;0.0
-1;23900;ASH_COATED_OSMIUM;9991;15;9988;30;;;10007;15;10009;30;;;9999.0;0.0
-1;23900;INTARIAN_PEPPER_ROOT;11018;11;11015;24;;;;;;;;;11018.0;0.0
-1;24000;INTARIAN_PEPPER_ROOT;11015;24;;;;;;;;;;;11015.0;0.0
-1;24000;ASH_COATED_OSMIUM;9997;2;9991;13;9989;29;10007;13;10010;29;;;10002.0;0.0
-1;24100;ASH_COATED_OSMIUM;9991;10;9989;25;;;10007;10;10010;25;;;9999.0;0.0
-1;24100;INTARIAN_PEPPER_ROOT;11015;19;;;;;11030;9;11033;19;;;11022.5;0.0
-1;24200;INTARIAN_PEPPER_ROOT;11018;9;11015;18;;;11033;18;;;;;11025.5;0.0
-1;24200;ASH_COATED_OSMIUM;9991;11;;;;;10007;11;10010;28;;;9999.0;0.0
-1;24300;ASH_COATED_OSMIUM;9992;15;9989;24;;;10008;15;10010;24;;;10000.0;0.0
-1;24300;INTARIAN_PEPPER_ROOT;11018;12;11016;19;;;11030;12;11033;19;;;11024.0;0.0
-1;24400;INTARIAN_PEPPER_ROOT;11018;12;11016;22;;;11030;12;11033;22;;;11024.0;0.0
-1;24400;ASH_COATED_OSMIUM;9991;15;9989;21;;;10007;15;10010;21;;;9999.0;0.0
-1;24500;INTARIAN_PEPPER_ROOT;11018;8;11016;24;;;11026;12;11031;8;11033;24;11022.0;0.0
-1;24500;ASH_COATED_OSMIUM;9991;14;9989;25;;;10007;14;10010;25;;;9999.0;0.0
-1;24600;INTARIAN_PEPPER_ROOT;11019;10;11016;23;;;11031;10;11033;23;;;11025.0;0.0
-1;24600;ASH_COATED_OSMIUM;9989;24;;;;;10007;14;10010;24;;;9998.0;0.0
-1;24700;INTARIAN_PEPPER_ROOT;;;;;;;11031;10;11033;25;;;11031.0;0.0
-1;24700;ASH_COATED_OSMIUM;9989;25;;;;;10008;13;10010;25;;;9998.5;0.0
-1;24800;INTARIAN_PEPPER_ROOT;11019;8;11016;23;;;11031;8;11034;23;;;11025.0;0.0
-1;24800;ASH_COATED_OSMIUM;9992;12;9989;23;;;10010;23;;;;;10001.0;0.0
-1;24900;INTARIAN_PEPPER_ROOT;11019;8;11016;20;;;11031;8;;;;;11025.0;0.0
-1;24900;ASH_COATED_OSMIUM;9989;22;;;;;10010;22;;;;;9999.5;0.0
-1;25000;INTARIAN_PEPPER_ROOT;11016;21;;;;;11031;8;11034;21;;;11023.5;0.0
-1;25000;ASH_COATED_OSMIUM;9992;12;9989;23;;;10008;12;10010;23;;;10000.0;0.0
-1;25100;INTARIAN_PEPPER_ROOT;11019;11;11016;16;;;11031;11;11034;16;;;11025.0;0.0
-1;25100;ASH_COATED_OSMIUM;9992;11;9990;25;;;;;;;;;9992.0;0.0
-1;25200;INTARIAN_PEPPER_ROOT;11016;18;;;;;11031;8;11034;18;;;11023.5;0.0
-1;25200;ASH_COATED_OSMIUM;9992;10;9990;24;;;10008;10;10011;24;;;10000.0;0.0
-1;25300;INTARIAN_PEPPER_ROOT;11019;12;11017;16;;;11031;12;11034;16;;;11025.0;0.0
-1;25300;ASH_COATED_OSMIUM;9990;22;;;;;10008;13;;;;;9999.0;0.0
-1;25400;INTARIAN_PEPPER_ROOT;11019;11;;;;;11031;11;11034;20;;;11025.0;0.0
-1;25400;ASH_COATED_OSMIUM;9993;15;9991;29;;;10009;15;10012;29;;;10001.0;0.0
-1;25500;INTARIAN_PEPPER_ROOT;11019;10;11017;16;;;11032;10;11034;16;;;11025.5;0.0
-1;25500;ASH_COATED_OSMIUM;9993;15;9990;20;;;10009;15;10011;20;;;10001.0;0.0
-1;25600;INTARIAN_PEPPER_ROOT;11020;9;11017;16;;;11032;9;11034;16;;;11026.0;0.0
-1;25600;ASH_COATED_OSMIUM;9992;14;9990;22;;;10008;14;10011;22;;;10000.0;0.0
-1;25700;INTARIAN_PEPPER_ROOT;11017;17;;;;;11032;11;11034;17;;;11024.5;0.0
-1;25700;ASH_COATED_OSMIUM;9992;14;9989;30;;;10008;14;10010;30;;;10000.0;0.0
-1;25800;INTARIAN_PEPPER_ROOT;11029;3;11020;9;;;11032;9;11035;16;;;11030.5;0.0
-1;25800;ASH_COATED_OSMIUM;9992;10;9990;24;;;10008;10;10011;24;;;10000.0;0.0
-1;25900;ASH_COATED_OSMIUM;9993;10;9990;23;;;10009;10;10011;23;;;10001.0;0.0
-1;25900;INTARIAN_PEPPER_ROOT;11017;23;;;;;11032;11;11035;23;;;11024.5;0.0
-1;26000;ASH_COATED_OSMIUM;9993;11;9990;27;;;10009;11;10011;27;;;10001.0;0.0
-1;26000;INTARIAN_PEPPER_ROOT;11020;10;11017;24;;;;;;;;;11020.0;0.0
-1;26100;INTARIAN_PEPPER_ROOT;11020;9;11017;17;;;11032;9;11035;17;;;11026.0;0.0
-1;26100;ASH_COATED_OSMIUM;9993;10;9990;20;;;10011;20;;;;;10002.0;0.0
-1;26200;INTARIAN_PEPPER_ROOT;11020;10;11017;22;;;11032;10;11035;22;;;11026.0;0.0
-1;26200;ASH_COATED_OSMIUM;9993;10;9990;22;;;;;;;;;9993.0;0.0
-1;26300;ASH_COATED_OSMIUM;9992;14;9990;29;;;10008;14;10011;29;;;10000.0;0.0
-1;26300;INTARIAN_PEPPER_ROOT;11020;8;11018;22;;;11032;8;11035;22;;;11026.0;0.0
-1;26400;ASH_COATED_OSMIUM;9992;11;9990;22;;;10008;11;10011;22;;;10000.0;0.0
-1;26400;INTARIAN_PEPPER_ROOT;11018;23;;;;;11032;8;11035;23;;;11025.0;0.0
-1;26500;INTARIAN_PEPPER_ROOT;11020;9;11018;25;;;11033;9;11035;25;;;11026.5;0.0
-1;26500;ASH_COATED_OSMIUM;9993;13;9990;23;;;10002;5;10011;23;;;9997.5;0.0
-1;26600;INTARIAN_PEPPER_ROOT;11029;8;11018;19;;;11033;10;11035;19;;;11031.0;0.0
-1;26600;ASH_COATED_OSMIUM;9993;12;;;;;10009;12;10011;28;;;10001.0;0.0
-1;26700;ASH_COATED_OSMIUM;9992;13;9989;23;;;10010;23;;;;;10001.0;0.0
-1;26700;INTARIAN_PEPPER_ROOT;11018;21;;;;;11033;10;11035;21;;;11025.5;0.0
-1;26800;ASH_COATED_OSMIUM;9990;28;;;;;10008;11;10011;28;;;9999.0;0.0
-1;26800;INTARIAN_PEPPER_ROOT;11021;11;11018;18;;;11033;11;11036;18;;;11027.0;0.0
-1;26900;INTARIAN_PEPPER_ROOT;11021;9;11018;22;;;;;;;;;11021.0;0.0
-1;26900;ASH_COATED_OSMIUM;9992;11;9990;30;;;10011;30;;;;;10001.5;0.0
-1;27000;INTARIAN_PEPPER_ROOT;11021;8;11018;20;;;11033;8;11036;20;;;11027.0;0.0
-1;27000;ASH_COATED_OSMIUM;9992;11;9990;28;;;10011;28;;;;;10001.5;0.0
-1;27100;ASH_COATED_OSMIUM;;;;;;;10008;15;10011;24;;;10008.0;0.0
-1;27100;INTARIAN_PEPPER_ROOT;11018;20;;;;;;;;;;;11018.0;0.0
-1;27200;ASH_COATED_OSMIUM;;;;;;;10009;13;10011;21;;;10009.0;0.0
-1;27200;INTARIAN_PEPPER_ROOT;11018;20;;;;;11033;8;;;;;11025.5;0.0
-1;27300;INTARIAN_PEPPER_ROOT;11021;10;11019;22;;;11033;10;11036;22;;;11027.0;0.0
-1;27300;ASH_COATED_OSMIUM;9990;29;;;;;10008;14;10011;29;;;9999.0;0.0
-1;27400;INTARIAN_PEPPER_ROOT;11021;12;11019;17;;;11033;12;;;;;11027.0;0.0
-1;27400;ASH_COATED_OSMIUM;9992;11;9990;21;;;10008;11;;;;;10000.0;0.0
-1;27500;ASH_COATED_OSMIUM;9993;15;;;;;10009;15;10012;22;;;10001.0;0.0
-1;27500;INTARIAN_PEPPER_ROOT;11021;12;11019;22;;;11034;12;11036;22;;;11027.5;0.0
-1;27600;ASH_COATED_OSMIUM;9993;15;9990;24;;;10009;15;10011;24;;;10001.0;0.0
-1;27600;INTARIAN_PEPPER_ROOT;11022;9;11019;18;;;11034;9;11036;18;;;11028.0;0.0
-1;27700;INTARIAN_PEPPER_ROOT;11022;8;11019;24;;;11034;8;11036;24;;;11028.0;0.0
-1;27700;ASH_COATED_OSMIUM;9993;13;9990;24;;;10011;24;;;;;10002.0;0.0
-1;27800;INTARIAN_PEPPER_ROOT;11022;9;11019;19;;;11034;9;11037;19;;;11028.0;0.0
-1;27800;ASH_COATED_OSMIUM;10003;8;9993;12;;;10009;12;10012;26;;;10006.0;0.0
-1;27900;ASH_COATED_OSMIUM;9993;11;9991;27;;;10009;11;10012;27;;;10001.0;0.0
-1;27900;INTARIAN_PEPPER_ROOT;11019;19;;;;;11034;12;11037;19;;;11026.5;0.0
-1;28000;ASH_COATED_OSMIUM;9991;28;;;;;;;;;;;9991.0;0.0
-1;28000;INTARIAN_PEPPER_ROOT;11022;9;11019;19;;;11034;9;;;;;11028.0;0.0
-1;28100;INTARIAN_PEPPER_ROOT;11022;8;11019;24;;;11034;8;;;;;11028.0;0.0
-1;28100;ASH_COATED_OSMIUM;9993;10;;;;;10012;24;;;;;10002.5;0.0
-1;28200;INTARIAN_PEPPER_ROOT;11019;24;;;;;11034;9;;;;;11026.5;0.0
-1;28200;ASH_COATED_OSMIUM;9993;11;9991;25;;;10009;11;10012;25;;;10001.0;0.0
-1;28300;ASH_COATED_OSMIUM;9999;4;9993;10;9991;23;10009;10;;;;;10004.0;0.0
-1;28300;INTARIAN_PEPPER_ROOT;11022;9;11020;25;;;11037;25;;;;;11029.5;0.0
-1;28400;ASH_COATED_OSMIUM;9993;14;9991;23;;;10009;14;10012;23;;;10001.0;0.0
-1;28400;INTARIAN_PEPPER_ROOT;11022;8;11020;18;;;11034;8;11037;18;;;11028.0;0.0
-1;28500;INTARIAN_PEPPER_ROOT;11020;20;;;;;11035;10;;;;;11027.5;0.0
-1;28500;ASH_COATED_OSMIUM;9991;23;;;;;10010;13;10012;23;;;10000.5;0.0
-1;28600;INTARIAN_PEPPER_ROOT;11023;12;;;;;11035;12;11037;15;;;11029.0;0.0
-1;28600;ASH_COATED_OSMIUM;9992;21;;;;;10010;11;10013;21;;;10001.0;0.0
-1;28700;ASH_COATED_OSMIUM;9994;11;9992;30;;;10010;11;;;;;10002.0;0.0
-1;28700;INTARIAN_PEPPER_ROOT;11023;11;11020;17;;;11035;11;11037;17;;;11029.0;0.0
-1;28800;INTARIAN_PEPPER_ROOT;11023;9;11020;22;;;11038;22;;;;;11030.5;0.0
-1;28800;ASH_COATED_OSMIUM;9995;10;9992;27;;;10011;10;;;;;10003.0;0.0
-1;28900;INTARIAN_PEPPER_ROOT;11023;12;11020;21;;;11035;12;11038;21;;;11029.0;0.0
-1;28900;ASH_COATED_OSMIUM;9992;21;;;;;10010;14;10013;21;;;10001.0;0.0
-1;29000;INTARIAN_PEPPER_ROOT;;;;;;;11035;11;11038;18;;;11035.0;0.0
-1;29000;ASH_COATED_OSMIUM;9995;12;9992;24;;;10011;12;10013;24;;;10003.0;0.0
-1;29100;INTARIAN_PEPPER_ROOT;11020;23;;;;;11035;9;;;;;11027.5;0.0
-1;29100;ASH_COATED_OSMIUM;9995;14;;;;;10011;14;10013;26;;;10003.0;0.0
-1;29200;INTARIAN_PEPPER_ROOT;11023;11;11020;21;;;11035;11;11038;21;;;11029.0;0.0
-1;29200;ASH_COATED_OSMIUM;9995;14;9992;30;;;10011;14;;;;;10003.0;0.0
-1;29300;INTARIAN_PEPPER_ROOT;11021;22;;;;;11035;12;;;;;11028.0;0.0
-1;29300;ASH_COATED_OSMIUM;9994;15;9992;30;;;10013;30;;;;;10003.5;0.0
-1;29400;INTARIAN_PEPPER_ROOT;11023;10;;;;;11035;10;11038;23;;;11029.0;0.0
-1;29400;ASH_COATED_OSMIUM;9995;13;9992;25;;;10013;25;;;;;10004.0;0.0
-1;29500;INTARIAN_PEPPER_ROOT;;;;;;;11036;10;11038;22;;;11036.0;0.0
-1;29500;ASH_COATED_OSMIUM;9995;14;9992;27;;;10013;27;;;;;10004.0;0.0
-1;29600;INTARIAN_PEPPER_ROOT;11024;8;11021;25;;;11036;8;11038;25;;;11030.0;0.0
-1;29600;ASH_COATED_OSMIUM;9994;13;9992;28;;;10010;13;10013;28;;;10002.0;0.0
-1;29700;INTARIAN_PEPPER_ROOT;;;;;;;11036;11;11038;24;;;11036.0;0.0
-1;29700;ASH_COATED_OSMIUM;9994;10;9992;25;;;10000;4;10010;10;10013;25;9997.0;0.0
-1;29800;INTARIAN_PEPPER_ROOT;;;;;;;11036;10;11039;20;;;11036.0;0.0
-1;29800;ASH_COATED_OSMIUM;9991;30;;;;;10010;10;10012;30;;;10000.5;0.0
-1;29900;INTARIAN_PEPPER_ROOT;11024;10;11021;17;;;11036;10;;;;;11030.0;0.0
-1;29900;ASH_COATED_OSMIUM;;;;;;;10010;14;;;;;10010.0;0.0
-1;30000;INTARIAN_PEPPER_ROOT;11021;16;;;;;11032;7;11036;9;11039;16;11026.5;0.0
-1;30000;ASH_COATED_OSMIUM;9994;12;;;;;10010;12;;;;;10002.0;0.0
-1;30100;INTARIAN_PEPPER_ROOT;11021;22;;;;;;;;;;;11021.0;0.0
-1;30100;ASH_COATED_OSMIUM;9994;15;9991;28;;;10010;15;;;;;10002.0;0.0
-1;30200;INTARIAN_PEPPER_ROOT;11033;3;11024;10;11021;20;11036;10;11039;20;;;11034.5;0.0
-1;30200;ASH_COATED_OSMIUM;9993;15;9991;20;;;10009;15;10012;20;;;10001.0;0.0
-1;30300;ASH_COATED_OSMIUM;9993;14;;;;;10009;14;10012;29;;;10001.0;0.0
-1;30300;INTARIAN_PEPPER_ROOT;11022;25;;;;;11036;9;11039;25;;;11029.0;0.0
-1;30400;INTARIAN_PEPPER_ROOT;;;;;;;11036;9;11039;25;;;11036.0;0.0
-1;30400;ASH_COATED_OSMIUM;9994;13;9991;29;;;10010;13;;;;;10002.0;0.0
-1;30500;ASH_COATED_OSMIUM;9993;11;9990;20;;;10009;11;10011;20;;;10001.0;0.0
-1;30500;INTARIAN_PEPPER_ROOT;11024;8;11022;21;;;11037;8;11039;21;;;11030.5;0.0
-1;30600;INTARIAN_PEPPER_ROOT;11025;11;11022;16;;;11039;16;;;;;11032.0;0.0
-1;30600;ASH_COATED_OSMIUM;9993;12;9991;20;;;10009;12;;;;;10001.0;0.0
-1;30700;ASH_COATED_OSMIUM;9993;13;;;;;10009;13;;;;;10001.0;0.0
-1;30700;INTARIAN_PEPPER_ROOT;11025;12;11022;18;;;11037;12;11039;18;;;11031.0;0.0
-1;30800;INTARIAN_PEPPER_ROOT;11025;8;11022;21;;;;;;;;;11025.0;0.0
-1;30800;ASH_COATED_OSMIUM;9993;11;9991;30;;;10009;11;10012;30;;;10001.0;0.0
-1;30900;ASH_COATED_OSMIUM;9993;10;9991;28;;;;;;;;;9993.0;0.0
-1;30900;INTARIAN_PEPPER_ROOT;11022;18;;;;;11037;10;11040;18;;;11029.5;0.0
-1;31000;INTARIAN_PEPPER_ROOT;;;;;;;11037;8;;;;;11037.0;0.0
-1;31000;ASH_COATED_OSMIUM;9993;14;;;;;;;;;;;9993.0;0.0
-1;31100;ASH_COATED_OSMIUM;9993;11;;;;;10009;11;10011;27;;;10001.0;0.0
-1;31100;INTARIAN_PEPPER_ROOT;11022;17;;;;;11037;10;11040;17;;;11029.5;0.0
-1;31200;INTARIAN_PEPPER_ROOT;;;;;;;;;;;;;0.0;0.0
-1;31200;ASH_COATED_OSMIUM;9993;11;9990;29;;;10009;11;10011;29;;;10001.0;0.0
-1;31300;ASH_COATED_OSMIUM;9990;23;;;;;10009;12;10011;23;;;9999.5;0.0
-1;31300;INTARIAN_PEPPER_ROOT;11025;10;11023;25;;;11037;10;11040;25;;;11031.0;0.0
-1;31400;INTARIAN_PEPPER_ROOT;11025;12;11023;24;;;11037;12;;;;;11031.0;0.0
-1;31400;ASH_COATED_OSMIUM;9993;15;9990;26;;;10009;15;;;;;10001.0;0.0
-1;31500;ASH_COATED_OSMIUM;9992;12;9990;30;;;10008;12;10011;30;;;10000.0;0.0
-1;31500;INTARIAN_PEPPER_ROOT;11023;24;;;;;11038;8;11040;24;;;11030.5;0.0
-1;31600;INTARIAN_PEPPER_ROOT;11034;3;11026;10;;;11038;10;11040;19;;;11036.0;0.0
-1;31600;ASH_COATED_OSMIUM;9993;15;9990;27;;;10009;15;10011;27;;;10001.0;0.0
-1;31700;ASH_COATED_OSMIUM;9993;10;9990;22;;;10009;10;10011;22;;;10001.0;0.0
-1;31700;INTARIAN_PEPPER_ROOT;11026;11;;;;;11038;11;11040;25;;;11032.0;0.0
-1;31800;INTARIAN_PEPPER_ROOT;11026;8;11023;22;;;11038;8;;;;;11032.0;0.0
-1;31800;ASH_COATED_OSMIUM;9993;12;9990;25;;;10009;12;10011;25;;;10001.0;0.0
-1;31900;ASH_COATED_OSMIUM;9993;11;9991;28;;;10009;11;10012;28;;;10001.0;0.0
-1;31900;INTARIAN_PEPPER_ROOT;11026;11;11023;21;;;11038;11;11041;21;;;11032.0;0.0
-1;32000;INTARIAN_PEPPER_ROOT;11026;10;;;;;11038;10;;;;;11032.0;0.0
-1;32000;ASH_COATED_OSMIUM;9991;24;;;;;10009;15;10012;24;;;10000.0;0.0
-1;32100;ASH_COATED_OSMIUM;9993;11;9991;28;;;10009;11;10012;28;;;10001.0;0.0
-1;32100;INTARIAN_PEPPER_ROOT;11026;10;11023;19;;;11038;10;11041;19;;;11032.0;0.0
-1;32200;INTARIAN_PEPPER_ROOT;11026;10;11023;16;;;11038;10;11041;16;;;11032.0;0.0
-1;32200;ASH_COATED_OSMIUM;9993;13;;;;;10009;13;10011;27;;;10001.0;0.0
-1;32300;ASH_COATED_OSMIUM;9990;25;;;;;10009;15;10011;25;;;9999.5;0.0
-1;32300;INTARIAN_PEPPER_ROOT;11024;17;;;;;;;;;;;11024.0;0.0
-1;32400;INTARIAN_PEPPER_ROOT;11026;10;11024;23;;;11041;23;;;;;11033.5;0.0
-1;32400;ASH_COATED_OSMIUM;9993;10;9990;30;;;10009;10;10011;30;;;10001.0;0.0
-1;32500;ASH_COATED_OSMIUM;9993;10;9991;21;;;10003;2;10009;10;10012;21;9998.0;0.0
-1;32500;INTARIAN_PEPPER_ROOT;11024;25;;;;;11039;11;11041;25;;;11031.5;0.0
-1;32600;INTARIAN_PEPPER_ROOT;11027;12;;;;;11039;12;11041;24;;;11033.0;0.0
-1;32600;ASH_COATED_OSMIUM;9991;30;;;;;10009;15;;;;;10000.0;0.0
-1;32700;ASH_COATED_OSMIUM;9993;13;9991;22;;;10009;13;10012;22;;;10001.0;0.0
-1;32700;INTARIAN_PEPPER_ROOT;11027;12;;;;;11039;12;11041;15;;;11033.0;0.0
-1;32800;INTARIAN_PEPPER_ROOT;11027;8;11024;19;;;11039;8;11042;19;;;11033.0;0.0
-1;32800;ASH_COATED_OSMIUM;9993;15;;;;;10011;28;;;;;10002.0;0.0
-1;32900;ASH_COATED_OSMIUM;9993;15;9991;27;;;10009;15;;;;;10001.0;0.0
-1;32900;INTARIAN_PEPPER_ROOT;;;;;;;11039;11;11042;15;;;11039.0;0.0
-1;33000;INTARIAN_PEPPER_ROOT;11027;8;11024;19;;;11039;8;11042;19;;;11033.0;0.0
-1;33000;ASH_COATED_OSMIUM;9993;14;9990;28;;;10011;28;;;;;10002.0;0.0
-1;33100;ASH_COATED_OSMIUM;9992;10;9990;28;;;10008;10;10011;28;;;10000.0;0.0
-1;33100;INTARIAN_PEPPER_ROOT;11027;12;;;;;11039;12;11042;25;;;11033.0;0.0
-1;33200;INTARIAN_PEPPER_ROOT;11027;10;11024;24;;;11042;24;;;;;11034.5;0.0
-1;33200;ASH_COATED_OSMIUM;9993;15;9990;20;;;10011;20;;;;;10002.0;0.0
-1;33300;INTARIAN_PEPPER_ROOT;11027;10;11025;16;;;11039;10;11042;16;;;11033.0;0.0
-1;33300;ASH_COATED_OSMIUM;9993;12;9990;20;;;10009;12;10011;20;;;10001.0;0.0
-1;33400;INTARIAN_PEPPER_ROOT;11027;11;11025;20;;;11042;20;;;;;11034.5;0.0
-1;33400;ASH_COATED_OSMIUM;9992;10;9990;30;;;10008;10;10011;30;;;10000.0;0.0
-1;33500;INTARIAN_PEPPER_ROOT;11027;11;;;;;11040;11;;;;;11033.5;0.0
-1;33500;ASH_COATED_OSMIUM;9993;11;9990;20;;;10011;20;;;;;10002.0;0.0
-1;33600;INTARIAN_PEPPER_ROOT;11028;9;11025;21;;;11040;9;11042;21;;;11034.0;0.0
-1;33600;ASH_COATED_OSMIUM;9993;14;9991;27;;;10009;14;10012;27;;;10001.0;0.0
-1;33700;INTARIAN_PEPPER_ROOT;11028;11;;;;;11040;11;;;;;11034.0;0.0
-1;33700;ASH_COATED_OSMIUM;9993;13;;;;;10009;13;10012;27;;;10001.0;0.0
-1;33800;INTARIAN_PEPPER_ROOT;;;;;;;;;;;;;0.0;0.0
-1;33800;ASH_COATED_OSMIUM;;;;;;;10012;25;;;;;10012.0;0.0
-1;33900;INTARIAN_PEPPER_ROOT;11028;9;;;;;11040;9;11043;21;;;11034.0;0.0
-1;33900;ASH_COATED_OSMIUM;9991;24;;;;;10009;12;10012;24;;;10000.0;0.0
-1;34000;INTARIAN_PEPPER_ROOT;11028;9;11025;18;;;11040;9;11043;18;;;11034.0;0.0
-1;34000;ASH_COATED_OSMIUM;9991;30;;;;;10010;15;10012;30;;;10000.5;0.0
-1;34100;INTARIAN_PEPPER_ROOT;11028;10;;;;;11040;10;11043;23;;;11034.0;0.0
-1;34100;ASH_COATED_OSMIUM;9994;13;9991;22;;;10010;13;;;;;10002.0;0.0
-1;34200;INTARIAN_PEPPER_ROOT;11028;11;11025;18;;;11040;11;11043;18;;;11034.0;0.0
-1;34200;ASH_COATED_OSMIUM;;;;;;;10010;14;10013;23;;;10010.0;0.0
-1;34300;INTARIAN_PEPPER_ROOT;;;;;;;11040;12;11043;22;;;11040.0;0.0
-1;34300;ASH_COATED_OSMIUM;9994;13;9992;22;;;10010;13;10013;22;;;10002.0;0.0
-1;34400;INTARIAN_PEPPER_ROOT;11028;9;11026;16;;;;;;;;;11028.0;0.0
-1;34400;ASH_COATED_OSMIUM;9994;12;9992;23;;;10010;12;10013;23;;;10002.0;0.0
-1;34500;INTARIAN_PEPPER_ROOT;11028;9;;;;;11041;9;11043;20;;;11034.5;0.0
-1;34500;ASH_COATED_OSMIUM;9994;10;9991;30;;;10010;10;;;;;10002.0;0.0
-1;34600;INTARIAN_PEPPER_ROOT;11029;8;11026;25;;;;;;;;;11029.0;0.0
-1;34600;ASH_COATED_OSMIUM;9994;15;9991;29;;;10010;15;10012;29;;;10002.0;0.0
-1;34700;INTARIAN_PEPPER_ROOT;11029;9;11026;22;;;11041;9;11043;22;;;11035.0;0.0
-1;34700;ASH_COATED_OSMIUM;9994;15;;;;;10010;15;10012;24;;;10002.0;0.0
-1;34800;INTARIAN_PEPPER_ROOT;11029;10;11026;20;;;11044;20;;;;;11036.5;0.0
-1;34800;ASH_COATED_OSMIUM;9992;23;;;;;10013;23;;;;;10002.5;0.0
-1;34900;ASH_COATED_OSMIUM;9994;12;;;;;10003;2;10010;12;;;9998.5;0.0
-1;34900;INTARIAN_PEPPER_ROOT;11029;9;11026;22;;;11044;22;;;;;11036.5;0.0
-1;35000;ASH_COATED_OSMIUM;9994;12;9991;20;;;10010;12;10012;20;;;10002.0;0.0
-1;35000;INTARIAN_PEPPER_ROOT;11038;8;11029;10;11026;25;11041;10;11044;25;;;11039.5;0.0
-1;35100;INTARIAN_PEPPER_ROOT;11029;11;11026;15;;;11041;11;11044;15;;;11035.0;0.0
-1;35100;ASH_COATED_OSMIUM;9994;12;9991;29;;;10010;12;10012;29;;;10002.0;0.0
-1;35200;INTARIAN_PEPPER_ROOT;;;;;;;11041;10;11044;15;;;11041.0;0.0
-1;35200;ASH_COATED_OSMIUM;9994;15;9991;28;;;10010;15;10012;28;;;10002.0;0.0
-1;35300;ASH_COATED_OSMIUM;9994;10;9991;27;;;10012;27;;;;;10003.0;0.0
-1;35300;INTARIAN_PEPPER_ROOT;11029;10;;;;;11041;10;;;;;11035.0;0.0
-1;35400;ASH_COATED_OSMIUM;9992;25;;;;;10013;25;;;;;10002.5;0.0
-1;35400;INTARIAN_PEPPER_ROOT;11029;8;11027;16;;;11037;8;11041;8;11044;16;11033.0;0.0
-1;35500;INTARIAN_PEPPER_ROOT;11027;18;;;;;11044;18;;;;;11035.5;0.0
-1;35500;ASH_COATED_OSMIUM;;;;;;;;;;;;;0.0;0.0
-1;35600;INTARIAN_PEPPER_ROOT;11030;12;11027;21;;;11042;12;;;;;11036.0;0.0
-1;35600;ASH_COATED_OSMIUM;9995;13;9992;26;;;10011;13;10013;26;;;10003.0;0.0
-1;35700;ASH_COATED_OSMIUM;9994;10;9992;27;;;10013;27;;;;;10003.5;0.0
-1;35700;INTARIAN_PEPPER_ROOT;11030;11;11027;15;;;11042;11;;;;;11036.0;0.0
-1;35800;ASH_COATED_OSMIUM;9994;11;9992;30;;;10010;11;10013;30;;;10002.0;0.0
-1;35800;INTARIAN_PEPPER_ROOT;11030;12;11027;21;;;11045;21;;;;;11037.5;0.0
-1;35900;INTARIAN_PEPPER_ROOT;11030;12;;;;;11042;12;;;;;11036.0;0.0
-1;35900;ASH_COATED_OSMIUM;9992;21;;;;;10011;12;10013;21;;;10001.5;0.0
-1;36000;INTARIAN_PEPPER_ROOT;11030;10;11027;24;;;;;;;;;11030.0;0.0
-1;36000;ASH_COATED_OSMIUM;9994;12;9992;30;;;10013;30;;;;;10003.5;0.0
-1;36100;ASH_COATED_OSMIUM;9995;14;9992;24;;;10011;14;10013;24;;;10003.0;0.0
-1;36100;INTARIAN_PEPPER_ROOT;11027;19;;;;;11042;11;11045;19;;;11034.5;0.0
-1;36200;ASH_COATED_OSMIUM;9995;11;;;;;10011;11;10013;29;;;10003.0;0.0
-1;36200;INTARIAN_PEPPER_ROOT;11033;9;11030;11;11027;17;11042;11;11045;17;;;11037.5;0.0
-1;36300;INTARIAN_PEPPER_ROOT;11030;10;11028;24;;;11042;10;;;;;11036.0;0.0
-1;36300;ASH_COATED_OSMIUM;9995;12;9992;21;;;10011;12;10013;21;;;10003.0;0.0
-1;36400;INTARIAN_PEPPER_ROOT;11028;18;;;;;11045;18;;;;;11036.5;0.0
-1;36400;ASH_COATED_OSMIUM;9995;12;9992;20;;;10011;12;10013;20;;;10003.0;0.0
-1;36500;ASH_COATED_OSMIUM;9992;25;;;;;10010;11;10013;25;;;10001.0;0.0
-1;36500;INTARIAN_PEPPER_ROOT;11028;25;;;;;11045;25;;;;;11036.5;0.0
-1;36600;ASH_COATED_OSMIUM;9994;10;;;;;10012;28;;;;;10003.0;0.0
-1;36600;INTARIAN_PEPPER_ROOT;11031;12;11028;19;;;11043;12;11045;19;;;11037.0;0.0
-1;36700;INTARIAN_PEPPER_ROOT;11031;12;11028;18;;;11043;12;11045;18;;;11037.0;0.0
-1;36700;ASH_COATED_OSMIUM;9994;12;9992;21;;;10010;12;10013;21;;;10002.0;0.0
-1;36800;INTARIAN_PEPPER_ROOT;11031;12;11028;25;;;11046;25;;;;;11038.5;0.0
-1;36800;ASH_COATED_OSMIUM;9992;30;;;;;10011;15;10013;30;;;10001.5;0.0
-1;36900;ASH_COATED_OSMIUM;9992;26;;;;;10011;15;10013;26;;;10001.5;0.0
-1;36900;INTARIAN_PEPPER_ROOT;11031;10;11028;19;;;11043;10;11046;19;;;11037.0;0.0
-1;37000;ASH_COATED_OSMIUM;9995;11;9992;23;;;10013;23;;;;;10004.0;0.0
-1;37000;INTARIAN_PEPPER_ROOT;11031;9;11028;17;;;11043;9;11046;17;;;11037.0;0.0
-1;37100;INTARIAN_PEPPER_ROOT;11040;6;11031;8;11028;22;11046;22;;;;;11043.0;0.0
-1;37100;ASH_COATED_OSMIUM;9992;21;;;;;10011;13;;;;;10001.5;0.0
-1;37200;INTARIAN_PEPPER_ROOT;11031;11;11028;25;;;11043;11;;;;;11037.0;0.0
-1;37200;ASH_COATED_OSMIUM;9995;11;9993;20;;;10011;11;10014;20;;;10003.0;0.0
-1;37300;ASH_COATED_OSMIUM;9995;10;9993;27;;;10011;10;10014;27;;;10003.0;0.0
-1;37300;INTARIAN_PEPPER_ROOT;11031;10;11029;24;;;11043;10;11046;24;;;11037.0;0.0
-1;37400;ASH_COATED_OSMIUM;9995;13;9993;30;;;10011;13;10014;30;;;10003.0;0.0
-1;37400;INTARIAN_PEPPER_ROOT;11031;12;11029;18;;;11043;12;11046;18;;;11037.0;0.0
-1;37500;INTARIAN_PEPPER_ROOT;11031;9;11029;15;;;11044;9;;;;;11037.5;0.0
-1;37500;ASH_COATED_OSMIUM;9993;25;;;;;10011;11;10014;25;;;10002.0;0.0
-1;37600;INTARIAN_PEPPER_ROOT;11032;10;11029;20;;;11044;10;11046;20;;;11038.0;0.0
-1;37600;ASH_COATED_OSMIUM;9995;10;9993;22;;;;;;;;;9995.0;0.0
-1;37700;INTARIAN_PEPPER_ROOT;11029;16;;;;;11044;10;11046;16;;;11036.5;0.0
-1;37700;ASH_COATED_OSMIUM;9996;14;9993;23;;;10012;14;;;;;10004.0;0.0
-1;37800;INTARIAN_PEPPER_ROOT;11032;8;11029;20;;;11044;8;11047;20;;;11038.0;0.0
-1;37800;ASH_COATED_OSMIUM;9996;14;9993;25;;;10012;14;10014;25;;;10004.0;0.0
-1;37900;INTARIAN_PEPPER_ROOT;11032;9;11029;22;;;11047;22;;;;;11039.5;0.0
-1;37900;ASH_COATED_OSMIUM;9996;14;9993;25;;;10012;14;;;;;10004.0;0.0
-1;38000;INTARIAN_PEPPER_ROOT;11032;10;11029;16;;;11044;10;11047;16;;;11038.0;0.0
-1;38000;ASH_COATED_OSMIUM;9996;11;9994;30;;;10012;11;;;;;10004.0;0.0
-1;38100;INTARIAN_PEPPER_ROOT;11032;12;;;;;11034;7;11047;21;;;11033.0;0.0
-1;38100;ASH_COATED_OSMIUM;9996;10;9993;26;;;10012;10;10014;26;;;10004.0;0.0
-1;38200;INTARIAN_PEPPER_ROOT;11032;8;11029;15;;;;;;;;;11032.0;0.0
-1;38200;ASH_COATED_OSMIUM;9996;13;9993;27;;;10014;27;;;;;10005.0;0.0
-1;38300;INTARIAN_PEPPER_ROOT;11032;8;11030;17;;;11044;8;11047;17;;;11038.0;0.0
-1;38300;ASH_COATED_OSMIUM;9996;14;9993;26;;;10014;26;;;;;10005.0;0.0
-1;38400;INTARIAN_PEPPER_ROOT;;;;;;;11044;12;11047;18;;;11044.0;0.0
-1;38400;ASH_COATED_OSMIUM;9996;15;9993;23;;;10014;23;;;;;10005.0;0.0
-1;38500;INTARIAN_PEPPER_ROOT;11032;12;11030;23;;;11045;12;11047;23;;;11038.5;0.0
-1;38500;ASH_COATED_OSMIUM;9995;11;9993;21;;;10011;11;10014;21;;;10003.0;0.0
-1;38600;INTARIAN_PEPPER_ROOT;11030;23;;;;;11045;10;11047;23;;;11037.5;0.0
-1;38600;ASH_COATED_OSMIUM;9993;28;;;;;10012;13;;;;;10002.5;0.0
-1;38700;INTARIAN_PEPPER_ROOT;11030;15;;;;;11035;5;11045;11;11047;15;11032.5;0.0
-1;38700;ASH_COATED_OSMIUM;9995;15;;;;;10011;15;10014;20;;;10003.0;0.0
-1;38800;INTARIAN_PEPPER_ROOT;11033;8;11030;17;;;11045;8;11048;17;;;11039.0;0.0
-1;38800;ASH_COATED_OSMIUM;9996;13;;;;;10012;13;10014;20;;;10004.0;0.0
-1;38900;INTARIAN_PEPPER_ROOT;11033;11;11030;25;;;11048;25;;;;;11040.5;0.0
-1;38900;ASH_COATED_OSMIUM;9995;12;9992;30;;;10011;12;10013;30;;;10003.0;0.0
-1;39000;INTARIAN_PEPPER_ROOT;11033;9;11030;19;;;11045;9;11048;19;;;11039.0;0.0
-1;39000;ASH_COATED_OSMIUM;9995;11;9992;23;;;10011;11;10013;23;;;10003.0;0.0
-1;39100;INTARIAN_PEPPER_ROOT;11033;12;11030;22;;;11045;12;11048;22;;;11039.0;0.0
-1;39100;ASH_COATED_OSMIUM;9995;11;9992;24;;;;;;;;;9995.0;0.0
-1;39200;INTARIAN_PEPPER_ROOT;;;;;;;11045;12;11048;24;;;11045.0;0.0
-1;39200;ASH_COATED_OSMIUM;9995;15;9992;29;;;10011;15;10013;29;;;10003.0;0.0
-1;39300;ASH_COATED_OSMIUM;9995;14;9993;27;;;10011;14;;;;;10003.0;0.0
-1;39300;INTARIAN_PEPPER_ROOT;11031;23;;;;;;;;;;;11031.0;0.0
-1;39400;INTARIAN_PEPPER_ROOT;11033;12;11031;20;;;11045;12;11048;20;;;11039.0;0.0
-1;39400;ASH_COATED_OSMIUM;9995;13;9992;30;;;10011;13;;;;;10003.0;0.0
-1;39500;ASH_COATED_OSMIUM;9992;27;;;;;10011;11;10013;27;;;10001.5;0.0
-1;39500;INTARIAN_PEPPER_ROOT;11033;10;11031;24;;;11046;10;11048;24;;;11039.5;0.0
-1;39600;INTARIAN_PEPPER_ROOT;11031;19;;;;;11041;10;11046;9;;;11036.0;0.0
-1;39600;ASH_COATED_OSMIUM;9995;13;9992;23;;;10011;13;10013;23;;;10003.0;0.0
-1;39700;ASH_COATED_OSMIUM;9995;15;9992;22;;;10011;15;10013;22;;;10003.0;0.0
-1;39700;INTARIAN_PEPPER_ROOT;11034;9;11031;17;;;11046;9;11048;17;;;11040.0;0.0
-1;39800;INTARIAN_PEPPER_ROOT;;;;;;;11049;23;;;;;11049.0;0.0
-1;39800;ASH_COATED_OSMIUM;9995;12;9992;27;;;10013;27;;;;;10004.0;0.0
-1;39900;ASH_COATED_OSMIUM;9995;11;9992;30;;;10004;2;10011;11;10013;30;9999.5;0.0
-1;39900;INTARIAN_PEPPER_ROOT;11034;10;11031;18;;;11049;18;;;;;11041.5;0.0
-1;40000;INTARIAN_PEPPER_ROOT;11034;8;;;;;11036;5;11046;8;11049;23;11035.0;0.0
-1;40000;ASH_COATED_OSMIUM;9995;15;9992;22;;;;;;;;;9995.0;0.0
-1;40100;ASH_COATED_OSMIUM;9995;10;9992;29;;;10011;10;10013;29;;;10003.0;0.0
-1;40100;INTARIAN_PEPPER_ROOT;11034;8;11031;24;;;11046;8;11049;24;;;11040.0;0.0
-1;40200;INTARIAN_PEPPER_ROOT;11034;9;11031;20;;;11046;9;11049;20;;;11040.0;0.0
-1;40200;ASH_COATED_OSMIUM;9994;15;;;;;10013;28;;;;;10003.5;0.0
-1;40300;ASH_COATED_OSMIUM;9995;12;9992;22;;;;;;;;;9995.0;0.0
-1;40300;INTARIAN_PEPPER_ROOT;11034;12;11032;23;;;11046;12;11049;23;;;11040.0;0.0
-1;40400;INTARIAN_PEPPER_ROOT;11034;8;11032;25;;;11046;8;11049;25;;;11040.0;0.0
-1;40400;ASH_COATED_OSMIUM;9992;23;;;;;10011;11;10013;23;;;10001.5;0.0
-1;40500;ASH_COATED_OSMIUM;9994;13;9991;27;;;10010;13;10012;27;;;10002.0;0.0
-1;40500;INTARIAN_PEPPER_ROOT;11032;25;;;;;11047;10;11049;25;;;11039.5;0.0
-1;40600;INTARIAN_PEPPER_ROOT;11035;10;11032;18;;;11047;10;;;;;11041.0;0.0
-1;40600;ASH_COATED_OSMIUM;9994;13;9991;24;;;10010;13;10012;24;;;10002.0;0.0
-1;40700;ASH_COATED_OSMIUM;9994;15;9992;20;;;10010;15;10013;20;;;10002.0;0.0
-1;40700;INTARIAN_PEPPER_ROOT;11035;8;11032;22;;;11047;8;11049;22;;;11041.0;0.0
-1;40800;INTARIAN_PEPPER_ROOT;11035;8;11032;16;;;11047;8;11050;16;;;11041.0;0.0
-1;40800;ASH_COATED_OSMIUM;9994;13;9991;27;;;10010;13;10012;27;;;10002.0;0.0
-1;40900;ASH_COATED_OSMIUM;9994;14;9991;26;;;10010;14;10012;26;;;10002.0;0.0
-1;40900;INTARIAN_PEPPER_ROOT;11038;9;11035;8;;;11047;8;11050;25;;;11042.5;0.0
-1;41000;INTARIAN_PEPPER_ROOT;11035;9;11032;16;;;11047;9;11050;16;;;11041.0;0.0
-1;41000;ASH_COATED_OSMIUM;;;;;;;10012;21;;;;;10012.0;0.0
-1;41100;ASH_COATED_OSMIUM;9993;15;9991;27;;;9999;7;10012;27;;;9996.0;0.0
-1;41100;INTARIAN_PEPPER_ROOT;11035;9;11032;21;;;11047;9;11050;21;;;11041.0;0.0
-1;41200;INTARIAN_PEPPER_ROOT;11035;11;;;;;11047;11;11050;18;;;11041.0;0.0
-1;41200;ASH_COATED_OSMIUM;9991;29;;;;;10010;14;;;;;10000.5;0.0
-1;41300;ASH_COATED_OSMIUM;10003;6;9991;24;;;;;;;;;10003.0;0.0
-1;41300;INTARIAN_PEPPER_ROOT;11033;15;;;;;11047;11;11050;15;;;11040.0;0.0
-1;41400;INTARIAN_PEPPER_ROOT;11035;9;;;;;11047;9;11050;15;;;11041.0;0.0
-1;41400;ASH_COATED_OSMIUM;9993;10;;;;;10009;10;10012;23;;;10001.0;0.0
-1;41500;ASH_COATED_OSMIUM;9993;14;9990;20;;;10009;14;10011;20;;;10001.0;0.0
-1;41500;INTARIAN_PEPPER_ROOT;11035;10;;;;;11048;10;11050;16;;;11041.5;0.0
-1;41600;INTARIAN_PEPPER_ROOT;11036;8;11033;24;;;11048;8;;;;;11042.0;0.0
-1;41600;ASH_COATED_OSMIUM;9990;22;;;;;10011;22;;;;;10000.5;0.0
-1;41700;ASH_COATED_OSMIUM;9992;13;9989;21;;;10008;13;10010;21;;;10000.0;0.0
-1;41700;INTARIAN_PEPPER_ROOT;11036;10;11033;17;;;11048;10;;;;;11042.0;0.0
-1;41800;INTARIAN_PEPPER_ROOT;11033;17;;;;;11048;8;11051;17;;;11040.5;0.0
-1;41800;ASH_COATED_OSMIUM;9992;13;;;;;10008;13;10010;22;;;10000.0;0.0
-1;41900;ASH_COATED_OSMIUM;9992;14;9989;21;;;10008;14;10010;21;;;10000.0;0.0
-1;41900;INTARIAN_PEPPER_ROOT;11033;19;;;;;11048;12;11051;19;;;11040.5;0.0
-1;42000;INTARIAN_PEPPER_ROOT;11036;8;11033;16;;;11051;16;;;;;11043.5;0.0
-1;42000;ASH_COATED_OSMIUM;9992;14;9990;30;;;10011;30;;;;;10001.5;0.0
-1;42100;ASH_COATED_OSMIUM;9990;21;;;;;10008;10;10011;21;;;9999.0;0.0
-1;42100;INTARIAN_PEPPER_ROOT;11036;8;;;;;11048;8;;;;;11042.0;0.0
-1;42200;INTARIAN_PEPPER_ROOT;11033;19;;;;;11048;12;11051;19;;;11040.5;0.0
-1;42200;ASH_COATED_OSMIUM;;;;;;;10008;13;10011;28;;;10008.0;0.0
-1;42300;INTARIAN_PEPPER_ROOT;11036;9;11034;18;;;11051;18;;;;;11043.5;0.0
-1;42300;ASH_COATED_OSMIUM;9992;10;9989;20;;;10008;10;10010;20;;;10000.0;0.0
-1;42400;INTARIAN_PEPPER_ROOT;11036;10;11034;23;;;11051;23;;;;;11043.5;0.0
-1;42400;ASH_COATED_OSMIUM;9992;11;9989;29;;;10008;11;10010;29;;;10000.0;0.0
-1;42500;INTARIAN_PEPPER_ROOT;11036;11;11034;23;;;11051;23;;;;;11043.5;0.0
-1;42500;ASH_COATED_OSMIUM;9989;24;;;;;10007;10;10010;24;;;9998.0;0.0
-1;42600;INTARIAN_PEPPER_ROOT;11037;11;11034;18;;;11049;11;11051;18;;;11043.0;0.0
-1;42600;ASH_COATED_OSMIUM;;;;;;;10007;15;;;;;10007.0;0.0
-1;42700;INTARIAN_PEPPER_ROOT;11040;8;11037;9;11034;22;11049;9;11051;22;;;11044.5;0.0
-1;42700;ASH_COATED_OSMIUM;9991;12;;;;;10007;12;10009;26;;;9999.0;0.0
-1;42800;INTARIAN_PEPPER_ROOT;11037;8;11034;17;;;11049;8;11052;17;;;11043.0;0.0
-1;42800;ASH_COATED_OSMIUM;9992;14;9989;30;;;10008;14;;;;;10000.0;0.0
-1;42900;INTARIAN_PEPPER_ROOT;11037;11;11034;18;;;11049;11;11052;18;;;11043.0;0.0
-1;42900;ASH_COATED_OSMIUM;9992;12;;;;;10008;12;10011;25;;;10000.0;0.0
-1;43000;INTARIAN_PEPPER_ROOT;11037;8;11034;21;;;11049;8;11052;21;;;11043.0;0.0
-1;43000;ASH_COATED_OSMIUM;9993;10;9990;23;;;10009;10;10011;23;;;10001.0;0.0
-1;43100;INTARIAN_PEPPER_ROOT;11037;8;;;;;11052;19;;;;;11044.5;0.0
-1;43100;ASH_COATED_OSMIUM;9992;15;;;;;10008;15;10011;21;;;10000.0;0.0
-1;43200;INTARIAN_PEPPER_ROOT;11037;11;11034;24;;;11052;24;;;;;11044.5;0.0
-1;43200;ASH_COATED_OSMIUM;9993;12;9990;20;;;10009;12;;;;;10001.0;0.0
-1;43300;INTARIAN_PEPPER_ROOT;11037;9;11035;20;;;11049;9;11052;20;;;11043.0;0.0
-1;43300;ASH_COATED_OSMIUM;9993;14;9990;24;;;10009;14;10011;24;;;10001.0;0.0
-1;43400;INTARIAN_PEPPER_ROOT;11037;11;11035;16;;;11052;16;;;;;11044.5;0.0
-1;43400;ASH_COATED_OSMIUM;9992;11;9990;22;;;10008;11;10011;22;;;10000.0;0.0
-1;43500;INTARIAN_PEPPER_ROOT;11035;15;;;;;11050;12;11052;15;;;11042.5;0.0
-1;43500;ASH_COATED_OSMIUM;9992;15;9990;23;;;10011;23;;;;;10001.5;0.0
-1;43600;INTARIAN_PEPPER_ROOT;11038;11;;;;;11050;11;;;;;11044.0;0.0
-1;43600;ASH_COATED_OSMIUM;9989;21;;;;;10008;14;;;;;9998.5;0.0
-1;43700;INTARIAN_PEPPER_ROOT;11047;4;11035;22;;;11050;10;;;;;11048.5;0.0
-1;43700;ASH_COATED_OSMIUM;9992;11;9989;23;;;10008;11;10010;23;;;10000.0;0.0
-1;43800;INTARIAN_PEPPER_ROOT;11038;9;11035;15;;;11050;9;11053;15;;;11044.0;0.0
-1;43800;ASH_COATED_OSMIUM;;;;;;;;;;;;;0.0;0.0
-1;43900;ASH_COATED_OSMIUM;;;;;;;10010;29;;;;;10010.0;0.0
-1;43900;INTARIAN_PEPPER_ROOT;11038;10;11035;15;;;11050;10;11053;15;;;11044.0;0.0
-1;44000;ASH_COATED_OSMIUM;9989;20;;;;;;;;;;;9989.0;0.0
-1;44000;INTARIAN_PEPPER_ROOT;11038;11;11035;17;;;11050;11;11053;17;;;11044.0;0.0
-1;44100;INTARIAN_PEPPER_ROOT;11038;8;11035;24;;;11053;24;;;;;11045.5;0.0
-1;44100;ASH_COATED_OSMIUM;9991;11;9988;24;;;10007;11;10009;24;;;9999.0;0.0
-1;44200;INTARIAN_PEPPER_ROOT;11038;11;11035;20;;;11050;11;11053;20;;;11044.0;0.0
-1;44200;ASH_COATED_OSMIUM;9990;12;;;;;10009;21;;;;;9999.5;0.0
-1;44300;ASH_COATED_OSMIUM;9988;27;;;;;10007;15;10009;27;;;9997.5;0.0
-1;44300;INTARIAN_PEPPER_ROOT;11036;17;;;;;11050;12;11053;17;;;11043.0;0.0
-1;44400;ASH_COATED_OSMIUM;9991;13;9988;28;;;10009;28;;;;;10000.0;0.0
-1;44400;INTARIAN_PEPPER_ROOT;11038;8;;;;;11053;17;;;;;11045.5;0.0
-1;44500;INTARIAN_PEPPER_ROOT;11036;21;;;;;11053;21;;;;;11044.5;0.0
-1;44500;ASH_COATED_OSMIUM;9991;11;;;;;10007;11;10009;21;;;9999.0;0.0
-1;44600;INTARIAN_PEPPER_ROOT;11036;25;;;;;11051;8;11053;25;;;11043.5;0.0
-1;44600;ASH_COATED_OSMIUM;9991;12;9989;23;;;10007;12;10010;23;;;9999.0;0.0
-1;44700;ASH_COATED_OSMIUM;9992;11;9989;29;;;10008;11;10010;29;;;10000.0;0.0
-1;44700;INTARIAN_PEPPER_ROOT;11039;10;11036;23;;;;;;;;;11039.0;0.0
-1;44800;ASH_COATED_OSMIUM;9989;29;;;;;10010;29;;;;;9999.5;0.0
-1;44800;INTARIAN_PEPPER_ROOT;11039;8;11036;23;;;11051;8;11054;23;;;11045.0;0.0
-1;44900;INTARIAN_PEPPER_ROOT;11036;19;;;;;11051;8;11054;19;;;11043.5;0.0
-1;44900;ASH_COATED_OSMIUM;;;;;;;10007;14;10010;25;;;10007.0;0.0
-1;45000;INTARIAN_PEPPER_ROOT;11039;12;11036;18;;;11051;12;11054;18;;;11045.0;0.0
-1;45000;ASH_COATED_OSMIUM;9991;13;;;;;10007;13;10010;24;;;9999.0;0.0
-1;45100;ASH_COATED_OSMIUM;9991;11;9989;26;;;10007;11;10010;26;;;9999.0;0.0
-1;45100;INTARIAN_PEPPER_ROOT;11036;22;;;;;11051;9;11054;22;;;11043.5;0.0
-1;45200;ASH_COATED_OSMIUM;9992;10;9989;28;;;10008;10;10010;28;;;10000.0;0.0
-1;45200;INTARIAN_PEPPER_ROOT;11039;9;11036;21;;;11051;9;11054;21;;;11045.0;0.0
-1;45300;INTARIAN_PEPPER_ROOT;11039;12;11037;15;;;11054;15;;;;;11046.5;0.0
-1;45300;ASH_COATED_OSMIUM;9992;12;;;;;10008;12;10010;22;;;10000.0;0.0
-1;45400;INTARIAN_PEPPER_ROOT;11039;11;11037;23;;;11051;11;11054;23;;;11045.0;0.0
-1;45400;ASH_COATED_OSMIUM;9992;13;9989;21;;;10010;21;;;;;10001.0;0.0
-1;45500;ASH_COATED_OSMIUM;9989;24;;;;;10008;11;10010;24;;;9998.5;0.0
-1;45500;INTARIAN_PEPPER_ROOT;11039;12;11037;18;;;11054;18;;;;;11046.5;0.0
-1;45600;ASH_COATED_OSMIUM;9992;11;;;;;10008;11;10010;26;;;10000.0;0.0
-1;45600;INTARIAN_PEPPER_ROOT;11040;9;11037;15;;;11052;9;;;;;11046.0;0.0
-1;45700;INTARIAN_PEPPER_ROOT;11037;16;;;;;11052;12;11054;16;;;11044.5;0.0
-1;45700;ASH_COATED_OSMIUM;9992;14;9989;24;;;10008;14;10010;24;;;10000.0;0.0
-1;45800;INTARIAN_PEPPER_ROOT;11040;10;11037;18;;;11052;10;11055;18;;;11046.0;0.0
-1;45800;ASH_COATED_OSMIUM;9991;11;9989;27;;;10007;11;10010;27;;;9999.0;0.0
-1;45900;ASH_COATED_OSMIUM;9991;11;;;;;10007;11;10010;30;;;9999.0;0.0
-1;45900;INTARIAN_PEPPER_ROOT;11040;10;;;;;11052;10;11055;17;;;11046.0;0.0
-1;46000;ASH_COATED_OSMIUM;9991;11;;;;;10007;11;10010;24;;;9999.0;0.0
-1;46000;INTARIAN_PEPPER_ROOT;11040;9;11037;21;;;11052;9;;;;;11046.0;0.0
-1;46100;INTARIAN_PEPPER_ROOT;11040;11;11037;22;;;11052;11;;;;;11046.0;0.0
-1;46100;ASH_COATED_OSMIUM;9991;14;9988;23;;;10007;14;10009;23;;;9999.0;0.0
-1;46200;INTARIAN_PEPPER_ROOT;11040;9;11037;19;;;11052;9;;;;;11046.0;0.0
-1;46200;ASH_COATED_OSMIUM;;;;;;;10007;14;10009;27;;;10007.0;0.0
-1;46300;ASH_COATED_OSMIUM;9991;12;9988;27;;;10007;12;10009;27;;;9999.0;0.0
-1;46300;INTARIAN_PEPPER_ROOT;11040;10;;;;;11055;22;;;;;11047.5;0.0
-1;46400;ASH_COATED_OSMIUM;9991;13;9989;22;;;10007;13;10010;22;;;9999.0;0.0
-1;46400;INTARIAN_PEPPER_ROOT;11040;10;11038;18;;;11052;10;11055;18;;;11046.0;0.0
-1;46500;INTARIAN_PEPPER_ROOT;11040;12;11038;23;;;11053;12;11055;23;;;11046.5;0.0
-1;46500;ASH_COATED_OSMIUM;9991;13;9989;30;;;10007;13;;;;;9999.0;0.0
-1;46600;INTARIAN_PEPPER_ROOT;11041;8;11038;17;;;11053;8;11055;17;;;11047.0;0.0
-1;46600;ASH_COATED_OSMIUM;9997;2;9992;14;;;10008;14;10010;27;;;10002.5;0.0
-1;46700;INTARIAN_PEPPER_ROOT;11041;9;11038;17;;;11055;17;;;;;11048.0;0.0
-1;46700;ASH_COATED_OSMIUM;9992;15;9989;26;;;10008;15;;;;;10000.0;0.0
-1;46800;INTARIAN_PEPPER_ROOT;11041;10;11038;18;;;11053;10;;;;;11047.0;0.0
-1;46800;ASH_COATED_OSMIUM;9992;12;9990;21;;;10008;12;10011;21;;;10000.0;0.0
-1;46900;INTARIAN_PEPPER_ROOT;11041;12;11038;20;;;11053;12;11056;20;;;11047.0;0.0
-1;46900;ASH_COATED_OSMIUM;9992;15;;;;;10008;15;10011;30;;;10000.0;0.0
-1;47000;INTARIAN_PEPPER_ROOT;11041;11;11038;15;;;11053;11;11056;15;;;11047.0;0.0
-1;47000;ASH_COATED_OSMIUM;9992;12;9989;20;;;10008;12;10010;20;;;10000.0;0.0
-1;47100;INTARIAN_PEPPER_ROOT;11041;12;;;;;11053;12;;;;;11047.0;0.0
-1;47100;ASH_COATED_OSMIUM;10001;7;9992;15;9989;24;10008;15;10010;24;;;10004.5;0.0
-1;47200;INTARIAN_PEPPER_ROOT;11041;10;;;;;11053;10;11056;23;;;11047.0;0.0
-1;47200;ASH_COATED_OSMIUM;9992;11;;;;;10008;11;10010;28;;;10000.0;0.0
-1;47300;INTARIAN_PEPPER_ROOT;;;;;;;11053;11;11056;22;;;11053.0;0.0
-1;47300;ASH_COATED_OSMIUM;9992;13;9990;25;;;10008;13;;;;;10000.0;0.0
-1;47400;INTARIAN_PEPPER_ROOT;11041;10;11039;18;;;11053;10;11056;18;;;11047.0;0.0
-1;47400;ASH_COATED_OSMIUM;9992;15;;;;;;;;;;;9992.0;0.0
-1;47500;INTARIAN_PEPPER_ROOT;11041;11;;;;;11054;11;11056;25;;;11047.5;0.0
-1;47500;ASH_COATED_OSMIUM;9990;30;;;;;10009;15;10011;30;;;9999.5;0.0
-1;47600;INTARIAN_PEPPER_ROOT;11042;9;;;;;11054;9;11056;20;;;11048.0;0.0
-1;47600;ASH_COATED_OSMIUM;9993;14;9991;27;;;10009;14;;;;;10001.0;0.0
-1;47700;INTARIAN_PEPPER_ROOT;11042;12;11039;22;;;11054;12;11056;22;;;11048.0;0.0
-1;47700;ASH_COATED_OSMIUM;9991;22;;;;;10009;10;10012;22;;;10000.0;0.0
-1;47800;INTARIAN_PEPPER_ROOT;11042;10;11039;21;;;11054;10;;;;;11048.0;0.0
-1;47800;ASH_COATED_OSMIUM;9993;15;9990;22;;;10011;22;;;;;10002.0;0.0
-1;47900;INTARIAN_PEPPER_ROOT;11042;10;;;;;11054;10;11057;22;;;11048.0;0.0
-1;47900;ASH_COATED_OSMIUM;9993;11;9991;27;;;10009;11;10012;27;;;10001.0;0.0
-1;48000;INTARIAN_PEPPER_ROOT;11042;10;11039;20;;;11054;10;11057;20;;;11048.0;0.0
-1;48000;ASH_COATED_OSMIUM;9993;13;;;;;10009;13;10012;27;;;10001.0;0.0
-1;48100;ASH_COATED_OSMIUM;9993;13;9991;21;;;10009;13;10012;21;;;10001.0;0.0
-1;48100;INTARIAN_PEPPER_ROOT;11042;8;11039;25;;;11054;8;11057;25;;;11048.0;0.0
-1;48200;INTARIAN_PEPPER_ROOT;11042;10;11039;18;;;11054;10;;;;;11048.0;0.0
-1;48200;ASH_COATED_OSMIUM;9993;13;9990;25;;;10011;25;;;;;10002.0;0.0
-1;48300;ASH_COATED_OSMIUM;9993;13;9990;28;;;10009;13;10011;28;;;10001.0;0.0
-1;48300;INTARIAN_PEPPER_ROOT;11042;12;11040;20;;;11054;12;;;;;11048.0;0.0
-1;48400;INTARIAN_PEPPER_ROOT;11042;8;;;;;11054;8;;;;;11048.0;0.0
-1;48400;ASH_COATED_OSMIUM;9993;14;;;;;10009;14;10012;27;;;10001.0;0.0
-1;48500;ASH_COATED_OSMIUM;9994;15;9991;29;;;10010;15;10012;29;;;10002.0;0.0
-1;48500;INTARIAN_PEPPER_ROOT;11042;8;11040;25;;;11055;8;;;;;11048.5;0.0
-1;48600;INTARIAN_PEPPER_ROOT;11043;8;11040;19;;;11055;8;11057;19;;;11049.0;0.0
-1;48600;ASH_COATED_OSMIUM;9999;5;9994;11;9991;28;10010;11;10012;28;;;10004.5;0.0
-1;48700;ASH_COATED_OSMIUM;9994;10;9991;22;;;10010;10;10012;22;;;10002.0;0.0
-1;48700;INTARIAN_PEPPER_ROOT;11040;16;;;;;11045;7;11055;11;11057;16;11042.5;0.0
-1;48800;INTARIAN_PEPPER_ROOT;11040;24;;;;;11055;12;11058;24;;;11047.5;0.0
-1;48800;ASH_COATED_OSMIUM;9994;13;;;;;10010;13;10012;23;;;10002.0;0.0
-1;48900;ASH_COATED_OSMIUM;9991;27;;;;;10010;11;10012;27;;;10000.5;0.0
-1;48900;INTARIAN_PEPPER_ROOT;;;;;;;11058;19;;;;;11058.0;0.0
-1;49000;INTARIAN_PEPPER_ROOT;11043;10;11040;19;;;11055;10;;;;;11049.0;0.0
-1;49000;ASH_COATED_OSMIUM;9994;12;9992;30;;;10004;5;10010;12;10013;30;9999.0;0.0
-1;49100;ASH_COATED_OSMIUM;9991;30;;;;;10012;30;;;;;10001.5;0.0
-1;49100;INTARIAN_PEPPER_ROOT;11043;8;11040;19;;;11055;8;11058;19;;;11049.0;0.0
-1;49200;INTARIAN_PEPPER_ROOT;11040;21;;;;;11055;11;11058;21;;;11047.5;0.0
-1;49200;ASH_COATED_OSMIUM;9993;11;9991;20;;;10009;11;10012;20;;;10001.0;0.0
-1;49300;ASH_COATED_OSMIUM;9994;13;9991;21;;;10010;13;10012;21;;;10002.0;0.0
-1;49300;INTARIAN_PEPPER_ROOT;11041;22;;;;;11055;12;11058;22;;;11048.0;0.0
-1;49400;INTARIAN_PEPPER_ROOT;11043;10;;;;;11055;10;11058;23;;;11049.0;0.0
-1;49400;ASH_COATED_OSMIUM;9994;11;9991;20;;;10010;11;10012;20;;;10002.0;0.0
-1;49500;ASH_COATED_OSMIUM;9993;13;9991;30;;;10009;13;10012;30;;;10001.0;0.0
-1;49500;INTARIAN_PEPPER_ROOT;11043;10;11041;23;;;11056;10;11058;23;;;11049.5;0.0
-1;49600;INTARIAN_PEPPER_ROOT;11044;10;11041;19;;;11058;19;;;;;11051.0;0.0
-1;49600;ASH_COATED_OSMIUM;9993;13;9991;24;;;10009;13;10012;24;;;10001.0;0.0
-1;49700;ASH_COATED_OSMIUM;9993;14;9991;26;;;10009;14;10012;26;;;10001.0;0.0
-1;49700;INTARIAN_PEPPER_ROOT;11044;10;11041;23;;;11056;10;11058;23;;;11050.0;0.0
-1;49800;INTARIAN_PEPPER_ROOT;11044;10;;;;;11059;15;;;;;11051.5;0.0
-1;49800;ASH_COATED_OSMIUM;9993;11;9990;23;;;10009;11;10011;23;;;10001.0;0.0
-1;49900;ASH_COATED_OSMIUM;9993;10;9990;23;;;;;;;;;9993.0;0.0
-1;49900;INTARIAN_PEPPER_ROOT;11044;10;;;;;11056;10;;;;;11050.0;0.0
-1;50000;INTARIAN_PEPPER_ROOT;11041;15;;;;;11056;9;11059;15;;;11048.5;0.0
-1;50000;ASH_COATED_OSMIUM;9992;14;;;;;10008;14;;;;;10000.0;0.0
-1;50100;ASH_COATED_OSMIUM;;;;;;;10008;13;10011;24;;;10008.0;0.0
-1;50100;INTARIAN_PEPPER_ROOT;11044;10;11041;24;;;11056;10;11059;24;;;11050.0;0.0
-1;50200;INTARIAN_PEPPER_ROOT;11041;23;;;;;11056;12;11059;23;;;11048.5;0.0
-1;50200;ASH_COATED_OSMIUM;9993;13;;;;;10009;13;10011;24;;;10001.0;0.0
-1;50300;ASH_COATED_OSMIUM;9992;15;9990;30;;;10008;15;10011;30;;;10000.0;0.0
-1;50300;INTARIAN_PEPPER_ROOT;11044;8;11042;16;;;11056;8;;;;;11050.0;0.0
-1;50400;INTARIAN_PEPPER_ROOT;11044;8;;;;;11056;8;11059;20;;;11050.0;0.0
-1;50400;ASH_COATED_OSMIUM;9992;12;9990;22;;;10008;12;10011;22;;;10000.0;0.0
-1;50500;ASH_COATED_OSMIUM;9989;23;;;;;10008;15;;;;;9998.5;0.0
-1;50500;INTARIAN_PEPPER_ROOT;11044;8;;;;;11057;8;11059;24;;;11050.5;0.0
-1;50600;INTARIAN_PEPPER_ROOT;11042;15;;;;;11057;12;11059;15;;;11049.5;0.0
-1;50600;ASH_COATED_OSMIUM;9991;14;9989;21;;;10007;14;10010;21;;;9999.0;0.0
-1;50700;ASH_COATED_OSMIUM;9991;14;9988;22;;;10009;22;;;;;10000.0;0.0
-1;50700;INTARIAN_PEPPER_ROOT;11045;11;11042;22;;;11057;11;11059;22;;;11051.0;0.0
-1;50800;INTARIAN_PEPPER_ROOT;11045;9;;;;;11057;9;11060;18;;;11051.0;0.0
-1;50800;ASH_COATED_OSMIUM;9991;12;9988;22;;;10007;12;10009;22;;;9999.0;0.0
-1;50900;ASH_COATED_OSMIUM;9990;15;;;;;10006;15;10009;27;;;9998.0;0.0
-1;50900;INTARIAN_PEPPER_ROOT;11045;10;11042;23;;;11057;10;;;;;11051.0;0.0
-1;51000;INTARIAN_PEPPER_ROOT;11042;23;;;;;11060;23;;;;;11051.0;0.0
-1;51000;ASH_COATED_OSMIUM;9990;13;9988;26;;;10006;13;10009;26;;;9998.0;0.0
-1;51100;INTARIAN_PEPPER_ROOT;11045;11;;;;;11057;11;11060;19;;;11051.0;0.0
-1;51100;ASH_COATED_OSMIUM;9990;12;9988;25;;;;;;;;;9990.0;0.0
-1;51200;INTARIAN_PEPPER_ROOT;11045;12;11042;19;;;11060;19;;;;;11052.5;0.0
-1;51200;ASH_COATED_OSMIUM;9988;28;;;;;10006;10;10009;28;;;9997.0;0.0
-1;51300;INTARIAN_PEPPER_ROOT;11043;20;;;;;11057;9;11060;20;;;11050.0;0.0
-1;51300;ASH_COATED_OSMIUM;9995;4;9990;14;9987;24;10006;14;;;;;10000.5;0.0
-1;51400;INTARIAN_PEPPER_ROOT;11043;22;;;;;11057;8;;;;;11050.0;0.0
-1;51400;ASH_COATED_OSMIUM;9987;30;;;;;10006;12;10008;30;;;9996.5;0.0
-1;51500;INTARIAN_PEPPER_ROOT;11045;9;11043;17;;;11060;17;;;;;11052.5;0.0
-1;51500;ASH_COATED_OSMIUM;9990;11;;;;;10006;11;10008;30;;;9998.0;0.0
-1;51600;INTARIAN_PEPPER_ROOT;11046;12;;;;;11058;12;;;;;11052.0;0.0
-1;51600;ASH_COATED_OSMIUM;9990;12;;;;;10006;12;10008;22;;;9998.0;0.0
-1;51700;INTARIAN_PEPPER_ROOT;11043;20;;;;;11060;20;;;;;11051.5;0.0
-1;51700;ASH_COATED_OSMIUM;9988;20;;;;;10009;20;;;;;9998.5;0.0
-1;51800;INTARIAN_PEPPER_ROOT;;;;;;;11058;9;11061;15;;;11058.0;0.0
-1;51800;ASH_COATED_OSMIUM;9988;24;;;;;10006;14;10009;24;;;9997.0;0.0
-1;51900;INTARIAN_PEPPER_ROOT;11043;15;;;;;11058;11;11061;15;;;11050.5;0.0
-1;51900;ASH_COATED_OSMIUM;9990;10;9987;23;;;10006;10;10008;23;;;9998.0;0.0
-1;52000;INTARIAN_PEPPER_ROOT;11049;9;11043;17;;;11061;17;;;;;11055.0;0.0
-1;52000;ASH_COATED_OSMIUM;9990;10;9988;29;;;10006;10;10009;29;;;9998.0;0.0
-1;52100;INTARIAN_PEPPER_ROOT;11046;11;11043;25;;;11058;11;11061;25;;;11052.0;0.0
-1;52100;ASH_COATED_OSMIUM;9990;14;9987;21;;;10006;14;10008;21;;;9998.0;0.0
-1;52200;INTARIAN_PEPPER_ROOT;11046;8;11043;21;;;11058;8;11061;21;;;11052.0;0.0
-1;52200;ASH_COATED_OSMIUM;9990;15;9987;29;;;10006;15;10008;29;;;9998.0;0.0
-1;52300;INTARIAN_PEPPER_ROOT;11046;11;11044;24;;;11061;24;;;;;11053.5;0.0
-1;52300;ASH_COATED_OSMIUM;9990;14;9987;27;;;10006;14;;;;;9998.0;0.0
-1;52400;INTARIAN_PEPPER_ROOT;11044;20;;;;;11058;9;11061;20;;;11051.0;0.0
-1;52400;ASH_COATED_OSMIUM;9990;14;9987;29;;;10006;14;10008;29;;;9998.0;0.0
-1;52500;ASH_COATED_OSMIUM;9987;27;;;;;10006;12;10008;27;;;9996.5;0.0
-1;52500;INTARIAN_PEPPER_ROOT;11046;8;;;;;11061;19;;;;;11053.5;0.0
-1;52600;ASH_COATED_OSMIUM;9990;13;9987;22;;;10006;13;;;;;9998.0;0.0
-1;52600;INTARIAN_PEPPER_ROOT;11044;18;;;;;11059;12;;;;;11051.5;0.0
-1;52700;INTARIAN_PEPPER_ROOT;11047;11;11044;25;;;11049;6;11059;11;11061;25;11048.0;0.0
-1;52700;ASH_COATED_OSMIUM;9990;14;;;;;10006;14;10009;25;;;9998.0;0.0
-1;52800;INTARIAN_PEPPER_ROOT;11047;8;11044;20;;;11059;8;;;;;11053.0;0.0
-1;52800;ASH_COATED_OSMIUM;9990;13;9988;26;;;10006;13;10009;26;;;9998.0;0.0
-1;52900;ASH_COATED_OSMIUM;9990;10;;;;;10006;10;10009;30;;;9998.0;0.0
-1;52900;INTARIAN_PEPPER_ROOT;11047;9;11044;16;;;11059;9;11062;16;;;11053.0;0.0
-1;53000;ASH_COATED_OSMIUM;9990;12;9987;20;;;10006;12;;;;;9998.0;0.0
-1;53000;INTARIAN_PEPPER_ROOT;11047;10;11044;25;;;11062;25;;;;;11054.5;0.0
-1;53100;INTARIAN_PEPPER_ROOT;11047;11;11044;19;;;11049;4;11059;11;;;11048.0;0.0
-1;53100;ASH_COATED_OSMIUM;9999;4;9987;24;;;10006;13;;;;;10002.5;0.0
-1;53200;INTARIAN_PEPPER_ROOT;11044;25;;;;;11059;8;;;;;11051.5;0.0
-1;53200;ASH_COATED_OSMIUM;9987;30;;;;;10005;15;10008;30;;;9996.0;0.0
-1;53300;ASH_COATED_OSMIUM;9987;29;;;;;10005;11;;;;;9996.0;0.0
-1;53300;INTARIAN_PEPPER_ROOT;;;;;;;11059;9;11062;20;;;11059.0;0.0
-1;53400;ASH_COATED_OSMIUM;9989;14;9987;23;;;9999;2;10005;14;;;9994.0;0.0
-1;53400;INTARIAN_PEPPER_ROOT;11047;8;;;;;11059;8;;;;;11053.0;0.0
-1;53500;INTARIAN_PEPPER_ROOT;11045;25;;;;;11060;12;11062;25;;;11052.5;0.0
-1;53500;ASH_COATED_OSMIUM;9989;11;9987;21;;;10005;11;10008;21;;;9997.0;0.0
-1;53600;INTARIAN_PEPPER_ROOT;;;;;;;11060;9;11062;16;;;11060.0;0.0
-1;53600;ASH_COATED_OSMIUM;9987;24;;;;;10006;15;10008;24;;;9996.5;0.0
-1;53700;ASH_COATED_OSMIUM;9987;30;;;;;10005;12;10008;30;;;9996.0;0.0
-1;53700;INTARIAN_PEPPER_ROOT;11048;10;11045;16;;;11060;10;;;;;11054.0;0.0
-1;53800;ASH_COATED_OSMIUM;9987;30;;;;;10005;12;10008;30;;;9996.0;0.0
-1;53800;INTARIAN_PEPPER_ROOT;11048;9;;;;;11060;9;11063;22;;;11054.0;0.0
-1;53900;INTARIAN_PEPPER_ROOT;11048;8;11045;21;;;11060;8;;;;;11054.0;0.0
-1;53900;ASH_COATED_OSMIUM;9989;13;9987;25;;;10005;13;10008;25;;;9997.0;0.0
-1;54000;INTARIAN_PEPPER_ROOT;11045;23;;;;;11060;9;11063;23;;;11052.5;0.0
-1;54000;ASH_COATED_OSMIUM;9989;13;9986;30;;;10005;13;10007;30;;;9997.0;0.0
-1;54100;ASH_COATED_OSMIUM;9988;10;;;;;10004;10;;;;;9996.0;0.0
-1;54100;INTARIAN_PEPPER_ROOT;11048;12;11045;22;;;11060;12;11063;22;;;11054.0;0.0
-1;54200;ASH_COATED_OSMIUM;9988;10;9985;28;;;10004;10;;;;;9996.0;0.0
-1;54200;INTARIAN_PEPPER_ROOT;11048;11;11045;20;;;;;;;;;11048.0;0.0
-1;54300;INTARIAN_PEPPER_ROOT;11048;8;11046;25;;;11063;25;;;;;11055.5;0.0
-1;54300;ASH_COATED_OSMIUM;9988;10;9986;23;;;10004;10;10007;23;;;9996.0;0.0
-1;54400;INTARIAN_PEPPER_ROOT;11048;11;11046;20;;;11060;11;11063;20;;;11054.0;0.0
-1;54400;ASH_COATED_OSMIUM;9988;13;9986;29;;;10004;13;10007;29;;;9996.0;0.0
-1;54500;ASH_COATED_OSMIUM;9989;10;9986;20;;;10007;20;;;;;9998.0;0.0
-1;54500;INTARIAN_PEPPER_ROOT;11048;9;;;;;11061;9;11063;15;;;11054.5;0.0
-1;54600;ASH_COATED_OSMIUM;;;;;;;10005;11;;;;;10005.0;0.0
-1;54600;INTARIAN_PEPPER_ROOT;11049;12;11046;24;;;11063;24;;;;;11056.0;0.0
-1;54700;INTARIAN_PEPPER_ROOT;11049;9;11046;19;;;11061;9;11063;19;;;11055.0;0.0
-1;54700;ASH_COATED_OSMIUM;9989;12;9987;27;;;10005;12;;;;;9997.0;0.0
-1;54800;INTARIAN_PEPPER_ROOT;11049;9;11046;17;;;11064;17;;;;;11056.5;0.0
-1;54800;ASH_COATED_OSMIUM;9990;14;9987;27;;;10006;14;10008;27;;;9998.0;0.0
-1;54900;ASH_COATED_OSMIUM;9989;14;9987;28;;;10008;28;;;;;9998.5;0.0
-1;54900;INTARIAN_PEPPER_ROOT;11049;11;11046;20;;;11061;11;;;;;11055.0;0.0
-1;55000;ASH_COATED_OSMIUM;9989;12;9987;28;;;10005;12;10008;28;;;9997.0;0.0
-1;55000;INTARIAN_PEPPER_ROOT;11049;9;;;;;11064;23;;;;;11056.5;0.0
-1;55100;INTARIAN_PEPPER_ROOT;11046;25;;;;;11061;12;11064;25;;;11053.5;0.0
-1;55100;ASH_COATED_OSMIUM;9989;12;9987;29;;;10005;12;;;;;9997.0;0.0
-1;55200;INTARIAN_PEPPER_ROOT;11049;9;11046;20;;;11064;20;;;;;11056.5;0.0
-1;55200;ASH_COATED_OSMIUM;9989;10;9987;21;;;10005;10;10008;21;;;9997.0;0.0
-1;55300;ASH_COATED_OSMIUM;9989;15;;;;;10005;15;10007;27;;;9997.0;0.0
-1;55300;INTARIAN_PEPPER_ROOT;11049;12;11047;25;;;11061;12;;;;;11055.0;0.0
-1;55400;ASH_COATED_OSMIUM;9988;12;9986;21;;;9998;3;10004;12;10007;21;9993.0;0.0
-1;55400;INTARIAN_PEPPER_ROOT;11049;11;11047;16;;;11061;11;11064;16;;;11055.0;0.0
-1;55500;INTARIAN_PEPPER_ROOT;11049;9;11047;19;;;11062;9;11064;19;;;11055.5;0.0
-1;55500;ASH_COATED_OSMIUM;;;;;;;10004;11;10006;25;;;10004.0;0.0
-1;55600;INTARIAN_PEPPER_ROOT;11050;8;11047;22;;;11064;22;;;;;11057.0;0.0
-1;55600;ASH_COATED_OSMIUM;9988;11;9985;26;;;10004;11;10006;26;;;9996.0;0.0
-1;55700;INTARIAN_PEPPER_ROOT;11050;8;11047;15;;;11064;15;;;;;11057.0;0.0
-1;55700;ASH_COATED_OSMIUM;9988;12;9985;21;;;10006;21;;;;;9997.0;0.0
-1;55800;INTARIAN_PEPPER_ROOT;;;;;;;11062;10;;;;;11062.0;0.0
-1;55800;ASH_COATED_OSMIUM;9988;15;9986;26;;;10004;15;10007;26;;;9996.0;0.0
-1;55900;INTARIAN_PEPPER_ROOT;;;;;;;11062;11;;;;;11062.0;0.0
-1;55900;ASH_COATED_OSMIUM;9989;13;9986;22;;;9998;5;10005;13;10007;22;9993.5;0.0
-1;56000;INTARIAN_PEPPER_ROOT;11050;10;;;;;11062;10;11065;18;;;11056.0;0.0
-1;56000;ASH_COATED_OSMIUM;9989;12;9986;22;;;10005;12;10007;22;;;9997.0;0.0
-1;56100;INTARIAN_PEPPER_ROOT;11047;20;;;;;11062;12;11065;20;;;11054.5;0.0
-1;56100;ASH_COATED_OSMIUM;9989;15;9987;20;;;10005;15;10008;20;;;9997.0;0.0
-1;56200;INTARIAN_PEPPER_ROOT;11050;12;11047;19;;;11065;19;;;;;11057.5;0.0
-1;56200;ASH_COATED_OSMIUM;9989;14;;;;;;;;;;;9989.0;0.0
-1;56300;INTARIAN_PEPPER_ROOT;11050;9;11048;25;;;11062;9;;;;;11056.0;0.0
-1;56300;ASH_COATED_OSMIUM;9989;12;9986;25;;;10005;12;10007;25;;;9997.0;0.0
-1;56400;INTARIAN_PEPPER_ROOT;;;;;;;11062;8;11065;17;;;11062.0;0.0
-1;56400;ASH_COATED_OSMIUM;9987;30;;;;;10005;15;10008;30;;;9996.0;0.0
-1;56500;INTARIAN_PEPPER_ROOT;11050;11;11048;22;;;11063;11;11065;22;;;11056.5;0.0
-1;56500;ASH_COATED_OSMIUM;9989;12;9987;27;;;10005;12;10008;27;;;9997.0;0.0
-1;56600;INTARIAN_PEPPER_ROOT;11051;9;;;;;11063;9;11065;19;;;11057.0;0.0
-1;56600;ASH_COATED_OSMIUM;9990;10;9987;29;;;10006;10;;;;;9998.0;0.0
-1;56700;INTARIAN_PEPPER_ROOT;11051;12;11048;23;;;11063;12;11065;23;;;11057.0;0.0
-1;56700;ASH_COATED_OSMIUM;;;;;;;10008;24;;;;;10008.0;0.0
-1;56800;INTARIAN_PEPPER_ROOT;11048;16;;;;;11063;8;11066;16;;;11055.5;0.0
-1;56800;ASH_COATED_OSMIUM;9991;12;9988;22;;;10009;22;;;;;10000.0;0.0
-1;56900;INTARIAN_PEPPER_ROOT;11051;8;11048;19;;;11063;8;11066;19;;;11057.0;0.0
-1;56900;ASH_COATED_OSMIUM;9991;10;9988;20;;;10007;10;10009;20;;;9999.0;0.0
-1;57000;INTARIAN_PEPPER_ROOT;11048;24;;;;;11066;24;;;;;11057.0;0.0
-1;57000;ASH_COATED_OSMIUM;9991;11;9988;27;;;10007;11;10009;27;;;9999.0;0.0
-1;57100;ASH_COATED_OSMIUM;9991;13;9989;25;;;10007;13;10010;25;;;9999.0;0.0
-1;57100;INTARIAN_PEPPER_ROOT;11051;9;11048;25;;;11063;9;11066;25;;;11057.0;0.0
-1;57200;INTARIAN_PEPPER_ROOT;11051;11;11048;23;;;11063;11;11066;23;;;11057.0;0.0
-1;57200;ASH_COATED_OSMIUM;9991;11;9989;26;;;10001;3;10007;11;10010;26;9996.0;0.0
-1;57300;ASH_COATED_OSMIUM;9991;13;9989;26;;;10007;13;10010;26;;;9999.0;0.0
-1;57300;INTARIAN_PEPPER_ROOT;11051;8;11049;16;;;11063;8;;;;;11057.0;0.0
-1;57400;INTARIAN_PEPPER_ROOT;11051;11;11049;22;;;11063;11;11066;22;;;11057.0;0.0
-1;57400;ASH_COATED_OSMIUM;9992;10;9989;24;;;10008;10;;;;;10000.0;0.0
-1;57500;ASH_COATED_OSMIUM;9991;11;;;;;10007;11;10010;23;;;9999.0;0.0
-1;57500;INTARIAN_PEPPER_ROOT;11051;10;11049;21;;;11064;10;11066;21;;;11057.5;0.0
-1;57600;INTARIAN_PEPPER_ROOT;11049;17;;;;;11064;11;11066;17;;;11056.5;0.0
-1;57600;ASH_COATED_OSMIUM;9990;11;;;;;10006;11;;;;;9998.0;0.0
-1;57700;ASH_COATED_OSMIUM;9991;10;9988;29;;;9996;8;;;;;9993.5;0.0
-1;57700;INTARIAN_PEPPER_ROOT;11052;9;11049;16;;;11064;9;11066;16;;;11058.0;0.0
-1;57800;INTARIAN_PEPPER_ROOT;11052;10;11049;23;;;11067;23;;;;;11059.5;0.0
-1;57800;ASH_COATED_OSMIUM;9990;14;9988;29;;;10006;14;10009;29;;;9998.0;0.0
-1;57900;ASH_COATED_OSMIUM;;;;;;;10006;15;10009;25;;;10006.0;0.0
-1;57900;INTARIAN_PEPPER_ROOT;11052;12;11049;19;;;11067;19;;;;;11059.5;0.0
-1;58000;INTARIAN_PEPPER_ROOT;11052;9;11049;15;;;11064;9;;;;;11058.0;0.0
-1;58000;ASH_COATED_OSMIUM;9988;24;;;;;10006;10;10009;24;;;9997.0;0.0
-1;58100;ASH_COATED_OSMIUM;9990;11;9988;23;;;10009;23;;;;;9999.5;0.0
-1;58100;INTARIAN_PEPPER_ROOT;11052;9;11049;22;;;11064;9;11067;22;;;11058.0;0.0
-1;58200;INTARIAN_PEPPER_ROOT;11052;12;11049;22;;;11064;12;11067;22;;;11058.0;0.0
-1;58200;ASH_COATED_OSMIUM;9987;30;;;;;10005;15;10008;30;;;9996.0;0.0
-1;58300;ASH_COATED_OSMIUM;9990;10;9987;29;;;10006;10;;;;;9998.0;0.0
-1;58300;INTARIAN_PEPPER_ROOT;11052;8;;;;;;;;;;;11052.0;0.0
-1;58400;INTARIAN_PEPPER_ROOT;11050;24;;;;;11067;24;;;;;11058.5;0.0
-1;58400;ASH_COATED_OSMIUM;9990;13;9987;21;;;10006;13;;;;;9998.0;0.0
-1;58500;ASH_COATED_OSMIUM;9990;10;;;;;;;;;;;9990.0;0.0
-1;58500;INTARIAN_PEPPER_ROOT;11052;9;11050;19;;;11065;9;11067;19;;;11058.5;0.0
-1;58600;INTARIAN_PEPPER_ROOT;11053;10;;;;;11065;10;11067;17;;;11059.0;0.0
-1;58600;ASH_COATED_OSMIUM;9990;11;9987;25;;;10006;11;10008;25;;;9998.0;0.0
-1;58700;ASH_COATED_OSMIUM;9990;14;9988;30;;;10009;30;;;;;9999.5;0.0
-1;58700;INTARIAN_PEPPER_ROOT;11050;17;;;;;11065;10;11067;17;;;11057.5;0.0
-1;58800;INTARIAN_PEPPER_ROOT;11053;10;11050;18;;;;;;;;;11053.0;0.0
-1;58800;ASH_COATED_OSMIUM;9990;15;9988;29;;;10009;29;;;;;9999.5;0.0
-1;58900;ASH_COATED_OSMIUM;9990;11;9988;24;;;10009;24;;;;;9999.5;0.0
-1;58900;INTARIAN_PEPPER_ROOT;11053;12;11050;15;;;11065;12;11068;15;;;11059.0;0.0
-1;59000;INTARIAN_PEPPER_ROOT;11050;25;;;;;11065;8;;;;;11057.5;0.0
-1;59000;ASH_COATED_OSMIUM;9991;13;;;;;10007;13;10009;20;;;9999.0;0.0
-1;59100;ASH_COATED_OSMIUM;;;;;;;10007;12;;;;;10007.0;0.0
-1;59100;INTARIAN_PEPPER_ROOT;11053;12;11050;18;;;11065;12;11068;18;;;11059.0;0.0
-1;59200;INTARIAN_PEPPER_ROOT;11053;11;11050;16;;;11065;11;11068;16;;;11059.0;0.0
-1;59200;ASH_COATED_OSMIUM;9991;14;;;;;10007;14;;;;;9999.0;0.0
-1;59300;ASH_COATED_OSMIUM;9991;12;9988;26;;;10007;12;10009;26;;;9999.0;0.0
-1;59300;INTARIAN_PEPPER_ROOT;11053;12;11051;23;;;11068;23;;;;;11060.5;0.0
-1;59400;INTARIAN_PEPPER_ROOT;11053;11;11051;20;;;11056;5;11065;11;11068;20;11054.5;0.0
-1;59400;ASH_COATED_OSMIUM;9991;10;9989;21;;;10007;10;10010;21;;;9999.0;0.0
-1;59500;ASH_COATED_OSMIUM;;;;;;;10007;14;10010;23;;;10007.0;0.0
-1;59500;INTARIAN_PEPPER_ROOT;11053;9;;;;;11066;9;11068;24;;;11059.5;0.0
-1;59600;INTARIAN_PEPPER_ROOT;11054;10;11051;22;;;11066;10;11068;22;;;11060.0;0.0
-1;59600;ASH_COATED_OSMIUM;9991;10;9988;27;;;10007;10;10009;27;;;9999.0;0.0
-1;59700;ASH_COATED_OSMIUM;9988;21;;;;;10007;11;;;;;9997.5;0.0
-1;59700;INTARIAN_PEPPER_ROOT;11054;11;11051;24;;;11066;11;11068;24;;;11060.0;0.0
-1;59800;INTARIAN_PEPPER_ROOT;11054;12;11051;25;;;11066;12;11069;25;;;11060.0;0.0
-1;59800;ASH_COATED_OSMIUM;9991;11;9989;24;;;10007;11;10010;24;;;9999.0;0.0
-1;59900;INTARIAN_PEPPER_ROOT;11054;9;;;;;11056;8;11066;9;11069;22;11055.0;0.0
-1;59900;ASH_COATED_OSMIUM;9991;10;9988;23;;;10007;10;10009;23;;;9999.0;0.0
-1;60000;INTARIAN_PEPPER_ROOT;11054;10;11051;25;;;11069;25;;;;;11061.5;0.0
-1;60000;ASH_COATED_OSMIUM;9990;14;9988;22;;;10009;22;;;;;9999.5;0.0
-1;60100;INTARIAN_PEPPER_ROOT;11054;12;11051;15;;;11069;15;;;;;11061.5;0.0
-1;60100;ASH_COATED_OSMIUM;9990;12;;;;;10006;12;;;;;9998.0;0.0
-1;60200;INTARIAN_PEPPER_ROOT;11051;18;;;;;11066;11;11069;18;;;11058.5;0.0
-1;60200;ASH_COATED_OSMIUM;9991;15;;;;;10000;4;10007;15;10009;25;9995.5;0.0
-1;60300;INTARIAN_PEPPER_ROOT;11052;23;;;;;11069;23;;;;;11060.5;0.0
-1;60300;ASH_COATED_OSMIUM;9990;15;9988;27;;;10009;27;;;;;9999.5;0.0
-1;60400;INTARIAN_PEPPER_ROOT;11054;12;11052;25;;;11066;12;11069;25;;;11060.0;0.0
-1;60400;ASH_COATED_OSMIUM;9990;14;9988;20;;;10006;14;;;;;9998.0;0.0
-1;60500;INTARIAN_PEPPER_ROOT;11054;8;;;;;11067;8;;;;;11060.5;0.0
-1;60500;ASH_COATED_OSMIUM;9996;5;9990;14;;;10006;14;10009;23;;;10001.0;0.0
-1;60600;INTARIAN_PEPPER_ROOT;11055;11;11052;19;;;11067;11;11069;19;;;11061.0;0.0
-1;60600;ASH_COATED_OSMIUM;9990;12;9988;22;;;10006;12;10009;22;;;9998.0;0.0
-1;60700;INTARIAN_PEPPER_ROOT;11055;8;11052;16;;;11069;16;;;;;11062.0;0.0
-1;60700;ASH_COATED_OSMIUM;9991;15;9988;22;;;10009;22;;;;;10000.0;0.0
-1;60800;INTARIAN_PEPPER_ROOT;11055;10;11052;22;;;11067;10;11070;22;;;11061.0;0.0
-1;60800;ASH_COATED_OSMIUM;9991;15;;;;;10007;15;10010;30;;;9999.0;0.0
-1;60900;INTARIAN_PEPPER_ROOT;11055;8;11052;25;;;11067;8;11070;25;;;11061.0;0.0
-1;60900;ASH_COATED_OSMIUM;9992;10;;;;;10008;10;;;;;10000.0;0.0
-1;61000;INTARIAN_PEPPER_ROOT;11055;8;11052;19;;;11070;19;;;;;11062.5;0.0
-1;61000;ASH_COATED_OSMIUM;;;;;;;10007;14;10010;28;;;10007.0;0.0
-1;61100;INTARIAN_PEPPER_ROOT;11052;15;;;;;11067;9;;;;;11059.5;0.0
-1;61100;ASH_COATED_OSMIUM;9989;29;;;;;10010;29;;;;;9999.5;0.0
-1;61200;INTARIAN_PEPPER_ROOT;11055;8;11052;17;;;11067;8;;;;;11061.0;0.0
-1;61200;ASH_COATED_OSMIUM;9991;11;9989;21;;;10007;11;10010;21;;;9999.0;0.0
-1;61300;INTARIAN_PEPPER_ROOT;11055;10;11053;23;;;11067;10;11070;23;;;11061.0;0.0
-1;61300;ASH_COATED_OSMIUM;9992;15;9989;22;;;10008;15;10010;22;;;10000.0;0.0
-1;61400;INTARIAN_PEPPER_ROOT;11053;22;;;;;11067;11;11070;22;;;11060.0;0.0
-1;61400;ASH_COATED_OSMIUM;9991;14;9989;30;;;10010;30;;;;;10000.5;0.0
-1;61500;ASH_COATED_OSMIUM;;;;;;;10007;13;10010;27;;;10007.0;0.0
-1;61500;INTARIAN_PEPPER_ROOT;11055;12;11053;22;;;11068;12;;;;;11061.5;0.0
-1;61600;ASH_COATED_OSMIUM;9990;10;9988;28;;;10006;10;10009;28;;;9998.0;0.0
-1;61600;INTARIAN_PEPPER_ROOT;11056;8;;;;;11068;8;11070;17;;;11062.0;0.0
-1;61700;INTARIAN_PEPPER_ROOT;11056;12;11053;20;;;11068;12;11070;20;;;11062.0;0.0
-1;61700;ASH_COATED_OSMIUM;;;;;;;10007;10;10010;26;;;10007.0;0.0
-1;61800;INTARIAN_PEPPER_ROOT;11056;12;11053;21;;;11068;12;11071;21;;;11062.0;0.0
-1;61800;ASH_COATED_OSMIUM;9991;12;9989;20;;;10007;12;;;;;9999.0;0.0
-1;61900;ASH_COATED_OSMIUM;9991;12;9989;26;;;10007;12;10010;26;;;9999.0;0.0
-1;61900;INTARIAN_PEPPER_ROOT;11053;19;;;;;11068;11;11071;19;;;11060.5;0.0
-1;62000;ASH_COATED_OSMIUM;9989;20;;;;;10008;15;10010;20;;;9998.5;0.0
-1;62000;INTARIAN_PEPPER_ROOT;11056;11;11053;24;;;11068;11;11071;24;;;11062.0;0.0
-1;62100;INTARIAN_PEPPER_ROOT;11056;9;11053;20;;;11071;20;;;;;11063.5;0.0
-1;62100;ASH_COATED_OSMIUM;9989;23;;;;;10008;11;;;;;9998.5;0.0
-1;62200;INTARIAN_PEPPER_ROOT;11056;11;11053;21;;;11068;11;11071;21;;;11062.0;0.0
-1;62200;ASH_COATED_OSMIUM;9992;11;;;;;10008;11;10010;25;;;10000.0;0.0
-1;62300;ASH_COATED_OSMIUM;9991;15;9989;22;;;10007;15;10010;22;;;9999.0;0.0
-1;62300;INTARIAN_PEPPER_ROOT;11056;9;11054;20;;;11071;20;;;;;11063.5;0.0
-1;62400;ASH_COATED_OSMIUM;9991;10;9989;23;;;10007;10;10010;23;;;9999.0;0.0
-1;62400;INTARIAN_PEPPER_ROOT;11054;15;;;;;11068;9;11071;15;;;11061.0;0.0
-1;62500;INTARIAN_PEPPER_ROOT;11056;10;11054;17;;;11069;10;11071;17;;;11062.5;0.0
-1;62500;ASH_COATED_OSMIUM;9991;12;9989;23;;;10007;12;;;;;9999.0;0.0
-1;62600;INTARIAN_PEPPER_ROOT;11057;8;11054;20;;;11071;20;;;;;11064.0;0.0
-1;62600;ASH_COATED_OSMIUM;;;;;;;10010;29;;;;;10010.0;0.0
-1;62700;ASH_COATED_OSMIUM;9991;15;9989;24;;;10007;15;10010;24;;;9999.0;0.0
-1;62700;INTARIAN_PEPPER_ROOT;11057;9;11054;15;;;11071;15;;;;;11064.0;0.0
-1;62800;ASH_COATED_OSMIUM;9991;11;9989;26;;;10007;11;;;;;9999.0;0.0
-1;62800;INTARIAN_PEPPER_ROOT;11057;11;11054;25;;;11072;25;;;;;11064.5;0.0
-1;62900;INTARIAN_PEPPER_ROOT;11054;25;;;;;11069;9;;;;;11061.5;0.0
-1;62900;ASH_COATED_OSMIUM;9992;12;9989;27;;;10008;12;10010;27;;;10000.0;0.0
-1;63000;INTARIAN_PEPPER_ROOT;11057;9;;;;;11069;9;11072;16;;;11063.0;0.0
-1;63000;ASH_COATED_OSMIUM;9992;14;9989;29;;;10010;29;;;;;10001.0;0.0
-1;63100;ASH_COATED_OSMIUM;9989;24;;;;;10007;15;10010;24;;;9998.0;0.0
-1;63100;INTARIAN_PEPPER_ROOT;11057;10;11054;21;;;11072;21;;;;;11064.5;0.0
-1;63200;ASH_COATED_OSMIUM;9988;28;;;;;10007;15;10009;28;;;9997.5;0.0
-1;63200;INTARIAN_PEPPER_ROOT;11057;8;;;;;11069;8;;;;;11063.0;0.0
-1;63300;INTARIAN_PEPPER_ROOT;11055;22;;;;;11069;8;11072;22;;;11062.0;0.0
-1;63300;ASH_COATED_OSMIUM;9990;14;9988;30;;;;;;;;;9990.0;0.0
-1;63400;INTARIAN_PEPPER_ROOT;11057;12;11055;16;;;;;;;;;11057.0;0.0
-1;63400;ASH_COATED_OSMIUM;9991;13;9988;24;;;10007;13;10009;24;;;9999.0;0.0
-1;63500;ASH_COATED_OSMIUM;9990;12;9988;20;;;10006;12;;;;;9998.0;0.0
-1;63500;INTARIAN_PEPPER_ROOT;11057;10;11055;19;;;11070;10;;;;;11063.5;0.0
-1;63600;ASH_COATED_OSMIUM;9990;12;9988;21;;;10006;12;10009;21;;;9998.0;0.0
-1;63600;INTARIAN_PEPPER_ROOT;11058;12;;;;;11070;12;;;;;11064.0;0.0
-1;63700;INTARIAN_PEPPER_ROOT;11055;23;;;;;11070;10;11072;23;;;11062.5;0.0
-1;63700;ASH_COATED_OSMIUM;9990;11;;;;;10008;28;;;;;9999.0;0.0
-1;63800;INTARIAN_PEPPER_ROOT;11058;12;11055;20;;;11070;12;;;;;11064.0;0.0
-1;63800;ASH_COATED_OSMIUM;9990;15;9987;21;;;10006;15;;;;;9998.0;0.0
-1;63900;ASH_COATED_OSMIUM;9999;8;9989;14;9987;21;10008;21;;;;;10003.5;0.0
-1;63900;INTARIAN_PEPPER_ROOT;11067;7;11055;19;;;11073;19;;;;;11070.0;0.0
-1;64000;ASH_COATED_OSMIUM;9989;14;9986;30;;;10005;14;10007;30;;;9997.0;0.0
-1;64000;INTARIAN_PEPPER_ROOT;11058;11;11055;24;;;11073;24;;;;;11065.5;0.0
-1;64100;INTARIAN_PEPPER_ROOT;11058;9;11055;18;;;11070;9;11073;18;;;11064.0;0.0
-1;64100;ASH_COATED_OSMIUM;9988;13;9986;27;;;10004;13;;;;;9996.0;0.0
-1;64200;INTARIAN_PEPPER_ROOT;11058;9;11055;22;;;11073;22;;;;;11065.5;0.0
-1;64200;ASH_COATED_OSMIUM;9989;14;;;;;9994;8;10005;14;10007;24;9991.5;0.0
-1;64300;ASH_COATED_OSMIUM;9988;15;;;;;10004;15;10007;22;;;9996.0;0.0
-1;64300;INTARIAN_PEPPER_ROOT;11058;10;11056;25;;;11070;10;11073;25;;;11064.0;0.0
-1;64400;INTARIAN_PEPPER_ROOT;11058;12;11056;22;;;11070;12;11073;22;;;11064.0;0.0
-1;64400;ASH_COATED_OSMIUM;9989;11;9986;27;;;10005;11;10007;27;;;9997.0;0.0
-1;64500;INTARIAN_PEPPER_ROOT;11058;8;11056;15;;;11061;7;11071;8;11073;15;11059.5;0.0
-1;64500;ASH_COATED_OSMIUM;9989;12;9986;27;;;10005;12;10007;27;;;9997.0;0.0
-1;64600;INTARIAN_PEPPER_ROOT;;;;;;;11071;10;;;;;11071.0;0.0
-1;64600;ASH_COATED_OSMIUM;9986;26;;;;;10005;11;10007;26;;;9995.5;0.0
-1;64700;INTARIAN_PEPPER_ROOT;11059;11;11056;24;;;11071;11;11073;24;;;11065.0;0.0
-1;64700;ASH_COATED_OSMIUM;9989;10;9986;28;;;10007;28;;;;;9998.0;0.0
-1;64800;INTARIAN_PEPPER_ROOT;11059;12;11056;17;;;11071;12;11074;17;;;11065.0;0.0
-1;64800;ASH_COATED_OSMIUM;9988;10;9986;30;;;;;;;;;9988.0;0.0
-1;64900;INTARIAN_PEPPER_ROOT;11059;12;11056;23;;;11074;23;;;;;11066.5;0.0
-1;64900;ASH_COATED_OSMIUM;9989;12;9986;29;;;10007;29;;;;;9998.0;0.0
-1;65000;INTARIAN_PEPPER_ROOT;11059;8;11056;23;;;11071;8;11074;23;;;11065.0;0.0
-1;65000;ASH_COATED_OSMIUM;9994;2;;;;;10005;13;;;;;9999.5;0.0
-1;65100;INTARIAN_PEPPER_ROOT;11059;8;11056;19;;;11071;8;11074;19;;;11065.0;0.0
-1;65100;ASH_COATED_OSMIUM;9989;13;9986;23;;;10005;13;10007;23;;;9997.0;0.0
-1;65200;INTARIAN_PEPPER_ROOT;11056;16;;;;;11071;9;11074;16;;;11063.5;0.0
-1;65200;ASH_COATED_OSMIUM;9989;10;9987;29;;;10005;10;;;;;9997.0;0.0
-1;65300;INTARIAN_PEPPER_ROOT;11059;8;11057;25;;;11071;8;11074;25;;;11065.0;0.0
-1;65300;ASH_COATED_OSMIUM;9989;11;9987;21;;;10005;11;;;;;9997.0;0.0
-1;65400;INTARIAN_PEPPER_ROOT;11059;9;;;;;11071;9;11074;23;;;11065.0;0.0
-1;65400;ASH_COATED_OSMIUM;9989;12;9987;26;;;10005;12;;;;;9997.0;0.0
-1;65500;INTARIAN_PEPPER_ROOT;11057;16;;;;;11072;9;11074;16;;;11064.5;0.0
-1;65500;ASH_COATED_OSMIUM;9994;4;9989;11;9986;27;10007;27;;;;;10000.5;0.0
-1;65600;INTARIAN_PEPPER_ROOT;11060;9;11057;22;;;11074;22;;;;;11067.0;0.0
-1;65600;ASH_COATED_OSMIUM;9989;11;9987;20;;;10005;11;10008;20;;;9997.0;0.0
-1;65700;INTARIAN_PEPPER_ROOT;11060;8;11057;17;;;11072;8;11074;17;;;11066.0;0.0
-1;65700;ASH_COATED_OSMIUM;9990;15;9987;29;;;10006;15;10008;29;;;9998.0;0.0
-1;65800;INTARIAN_PEPPER_ROOT;11060;8;;;;;11072;8;11075;17;;;11066.0;0.0
-1;65800;ASH_COATED_OSMIUM;9989;11;;;;;10005;11;10008;20;;;9997.0;0.0
-1;65900;ASH_COATED_OSMIUM;9989;12;9987;23;;;10005;12;;;;;9997.0;0.0
-1;65900;INTARIAN_PEPPER_ROOT;11057;23;;;;;11072;11;11075;23;;;11064.5;0.0
-1;66000;INTARIAN_PEPPER_ROOT;11057;23;;;;;11075;23;;;;;11066.0;0.0
-1;66000;ASH_COATED_OSMIUM;9987;22;;;;;10005;10;10008;22;;;9996.0;0.0
-1;66100;ASH_COATED_OSMIUM;9990;11;9987;26;;;10006;11;10008;26;;;9998.0;0.0
-1;66100;INTARIAN_PEPPER_ROOT;11060;12;11057;25;;;11072;12;;;;;11066.0;0.0
-1;66200;INTARIAN_PEPPER_ROOT;11060;8;;;;;11072;8;;;;;11066.0;0.0
-1;66200;ASH_COATED_OSMIUM;9990;10;;;;;10008;20;;;;;9999.0;0.0
-1;66300;ASH_COATED_OSMIUM;9990;12;9987;24;;;10006;12;10008;24;;;9998.0;0.0
-1;66300;INTARIAN_PEPPER_ROOT;11060;12;;;;;11072;12;11075;20;;;11066.0;0.0
-1;66400;INTARIAN_PEPPER_ROOT;11060;10;11058;15;;;11072;10;11075;15;;;11066.0;0.0
-1;66400;ASH_COATED_OSMIUM;9989;14;9987;21;;;10005;14;10008;21;;;9997.0;0.0
-1;66500;ASH_COATED_OSMIUM;9990;15;;;;;10006;15;10008;20;;;9998.0;0.0
-1;66500;INTARIAN_PEPPER_ROOT;11060;10;11058;24;;;11073;10;11075;24;;;11066.5;0.0
-1;66600;INTARIAN_PEPPER_ROOT;11061;11;11058;17;;;11073;11;;;;;11067.0;0.0
-1;66600;ASH_COATED_OSMIUM;9990;14;9987;22;;;10006;14;10008;22;;;9998.0;0.0
-1;66700;ASH_COATED_OSMIUM;9990;15;;;;;10006;15;10008;27;;;9998.0;0.0
-1;66700;INTARIAN_PEPPER_ROOT;11058;17;;;;;11075;17;;;;;11066.5;0.0
-1;66800;INTARIAN_PEPPER_ROOT;11061;9;11058;21;;;11073;9;11076;21;;;11067.0;0.0
-1;66800;ASH_COATED_OSMIUM;9990;10;9987;30;;;10006;10;10008;30;;;9998.0;0.0
-1;66900;ASH_COATED_OSMIUM;9987;23;;;;;10005;10;;;;;9996.0;0.0
-1;66900;INTARIAN_PEPPER_ROOT;11061;12;;;;;11073;12;11076;21;;;11067.0;0.0
-1;67000;INTARIAN_PEPPER_ROOT;11061;10;11058;22;;;11073;10;11076;22;;;11067.0;0.0
-1;67000;ASH_COATED_OSMIUM;9989;12;;;;;10007;24;;;;;9998.0;0.0
-1;67100;ASH_COATED_OSMIUM;9999;9;9989;14;9987;23;10005;14;10008;23;;;10002.0;0.0
-1;67100;INTARIAN_PEPPER_ROOT;11061;8;;;;;11073;8;11076;24;;;11067.0;0.0
-1;67200;INTARIAN_PEPPER_ROOT;11061;12;11058;24;;;11069;9;11073;12;11076;24;11065.0;0.0
-1;67200;ASH_COATED_OSMIUM;9995;5;9990;10;9987;20;10006;10;;;;;10000.5;0.0
-1;67300;ASH_COATED_OSMIUM;9990;11;9987;30;;;10006;11;10008;30;;;9998.0;0.0
-1;67300;INTARIAN_PEPPER_ROOT;11058;18;;;;;11073;12;;;;;11065.5;0.0
-1;67400;INTARIAN_PEPPER_ROOT;11061;9;;;;;11073;9;11076;24;;;11067.0;0.0
-1;67400;ASH_COATED_OSMIUM;9995;2;9989;12;9987;25;10005;12;10008;25;;;10000.0;0.0
-1;67500;ASH_COATED_OSMIUM;9989;10;;;;;10005;10;10008;21;;;9997.0;0.0
-1;67500;INTARIAN_PEPPER_ROOT;11061;10;11059;22;;;11074;10;11076;22;;;11067.5;0.0
-1;67600;INTARIAN_PEPPER_ROOT;11062;10;11059;17;;;11074;10;11076;17;;;11068.0;0.0
-1;67600;ASH_COATED_OSMIUM;;;;;;;10005;13;10007;25;;;10005.0;0.0
-1;67700;ASH_COATED_OSMIUM;9989;12;9986;29;;;10005;12;;;;;9997.0;0.0
-1;67700;INTARIAN_PEPPER_ROOT;11062;9;11059;15;;;11074;9;;;;;11068.0;0.0
-1;67800;INTARIAN_PEPPER_ROOT;11062;10;;;;;11074;10;;;;;11068.0;0.0
-1;67800;ASH_COATED_OSMIUM;9988;12;;;;;10004;12;10007;30;;;9996.0;0.0
-1;67900;ASH_COATED_OSMIUM;9989;15;9986;25;;;10005;15;10007;25;;;9997.0;0.0
-1;67900;INTARIAN_PEPPER_ROOT;11062;8;11059;24;;;11074;8;11077;24;;;11068.0;0.0
