timestamp,buyer,seller,symbol,currency,price,quantity,run,strategy,side,sign,counterparty,bid_price_1,ask_price_1,mid_price,profit_and_loss,spread,fill_mid_edge,outside_market,taker_like,outside_distance,markout_1,markout_2,markout_5,markout_10,markout_50,markout_100,adverse_1,adverse_2,adverse_5,adverse_10,adverse_50,adverse_100
0,SUBMISSION,,VEV_6000,XIRECS,1.0,1,00A,basket_all_far_quotes,BUY,1,UNKNOWN,0,1,0.5,0.0,1,-0.5,False,True,0.0,-0.5,-0.5,-0.5,-0.5,-0.5,-0.5,True,True,True,True,True,True
0,SUBMISSION,,VEV_6000,XIRECS,1.0,1,00A,basket_all_far_quotes,BUY,1,UNKNOWN,0,1,0.5,0.0,1,-0.5,False,True,0.0,-0.5,-0.5,-0.5,-0.5,-0.5,-0.5,True,True,True,True,True,True
0,SUBMISSION,,VEV_6000,XIRECS,1.0,1,00A,basket_all_far_quotes,BUY,1,UNKNOWN,0,1,0.5,0.0,1,-0.5,False,True,0.0,-0.5,-0.5,-0.5,-0.5,-0.5,-0.5,True,True,True,True,True,True
0,SUBMISSION,,VEV_6500,XIRECS,1.0,1,00A,basket_all_far_quotes,BUY,1,UNKNOWN,0,1,0.5,0.0,1,-0.5,False,True,0.0,-0.5,-0.5,-0.5,-0.5,-0.5,-0.5,True,True,True,True,True,True
0,SUBMISSION,,VEV_6500,XIRECS,1.0,1,00A,basket_all_far_quotes,BUY,1,UNKNOWN,0,1,0.5,0.0,1,-0.5,False,True,0.0,-0.5,-0.5,-0.5,-0.5,-0.5,-0.5,True,True,True,True,True,True
0,SUBMISSION,,VEV_6500,XIRECS,1.0,1,00A,basket_all_far_quotes,BUY,1,UNKNOWN,0,1,0.5,0.0,1,-0.5,False,True,0.0,-0.5,-0.5,-0.5,-0.5,-0.5,-0.5,True,True,True,True,True,True
2700,SUBMISSION,,VELVETFRUIT_EXTRACT,XIRECS,5270.0,1,00A,basket_all_far_quotes,BUY,1,UNKNOWN,5269,5275,5272.0,0.0,6,2.0,False,False,0.0,1.5,-0.5,3.0,3.5,3.0,-5.0,False,True,False,False,False,True
2900,,SUBMISSION,VELVETFRUIT_EXTRACT,XIRECS,5271.0,2,00A,basket_all_far_quotes,SELL,-1,UNKNOWN,5267,5272,5269.5,-0.58251953125,5,1.5,False,False,0.0,0.5,-1.5,-3.5,-3.0,-0.5,4.5,False,True,True,True,True,False
4800,,SUBMISSION,VELVETFRUIT_EXTRACT,XIRECS,5272.0,2,00A,basket_all_far_quotes,SELL,-1,UNKNOWN,5268,5273,5270.5,1.318359375,5,1.5,False,False,0.0,-0.5,-1.0,-1.5,-2.5,9.5,5.0,True,True,True,True,False,False
5700,SUBMISSION,,VELVETFRUIT_EXTRACT,XIRECS,5274.0,2,00A,basket_all_far_quotes,BUY,1,UNKNOWN,5273,5279,5276.0,-11.919921875,6,2.0,False,False,0.0,0.5,2.0,1.5,-1.5,-11.5,-4.0,False,False,False,True,True,True
9900,SUBMISSION,,VELVETFRUIT_EXTRACT,XIRECS,5262.0,3,00A,basket_all_far_quotes,BUY,1,UNKNOWN,5261,5265,5263.0,6.0185546875,4,1.0,False,False,0.0,0.5,1.0,0.0,-0.5,5.5,6.5,False,False,False,True,False,False
10200,SUBMISSION,,HYDROGEL_PACK,XIRECS,10018.0,1,00A,basket_all_far_quotes,BUY,1,UNKNOWN,10017,10033,10025.0,0.0,16,7.0,False,False,0.0,7.0,5.0,1.0,4.0,7.0,-5.0,False,False,False,False,False,True
10700,,SUBMISSION,VELVETFRUIT_EXTRACT,XIRECS,5264.0,2,00A,basket_all_far_quotes,SELL,-1,UNKNOWN,5260,5265,5262.5,6.8603515625,5,1.5,False,False,0.0,3.0,2.5,-0.5,-2.5,-6.0,-4.5,False,False,True,True,True,True
11200,,SUBMISSION,HYDROGEL_PACK,XIRECS,10029.0,2,00A,basket_all_far_quotes,SELL,-1,UNKNOWN,10014,10030,10022.0,3.7666015625,16,7.0,False,False,0.0,8.5,8.0,8.0,15.0,1.0,22.0,False,False,False,False,False,False
12600,SUBMISSION,,VELVETFRUIT_EXTRACT,XIRECS,5265.0,2,00A,basket_all_far_quotes,BUY,1,UNKNOWN,5264,5269,5266.5,10.0,5,1.5,False,False,0.0,0.0,0.5,1.0,0.5,10.5,4.5,False,False,False,False,False,False
13900,,SUBMISSION,VELVETFRUIT_EXTRACT,XIRECS,5268.0,2,00A,basket_all_far_quotes,SELL,-1,UNKNOWN,5264,5269,5266.5,13.1923828125,5,1.5,False,False,0.0,1.5,1.5,1.5,0.5,-4.5,3.0,False,False,False,False,True,False
15000,SUBMISSION,,VEV_6000,XIRECS,1.0,1,00A,basket_all_far_quotes,BUY,1,UNKNOWN,0,1,0.5,-2.997243881225586,1,-0.5,False,True,0.0,-0.5,-0.5,-0.5,-0.5,-0.5,-0.5,True,True,True,True,True,True
15000,SUBMISSION,,VEV_6000,XIRECS,1.0,1,00A,basket_all_far_quotes,BUY,1,UNKNOWN,0,1,0.5,-2.997243881225586,1,-0.5,False,True,0.0,-0.5,-0.5,-0.5,-0.5,-0.5,-0.5,True,True,True,True,True,True
15000,SUBMISSION,,VEV_6000,XIRECS,1.0,1,00A,basket_all_far_quotes,BUY,1,UNKNOWN,0,1,0.5,-2.997243881225586,1,-0.5,False,True,0.0,-0.5,-0.5,-0.5,-0.5,-0.5,-0.5,True,True,True,True,True,True
15000,SUBMISSION,,VEV_6500,XIRECS,1.0,1,00A,basket_all_far_quotes,BUY,1,UNKNOWN,0,1,0.5,-3.0,1,-0.5,False,True,0.0,-0.5,-0.5,-0.5,-0.5,-0.5,-0.5,True,True,True,True,True,True
15000,SUBMISSION,,VEV_6500,XIRECS,1.0,1,00A,basket_all_far_quotes,BUY,1,UNKNOWN,0,1,0.5,-3.0,1,-0.5,False,True,0.0,-0.5,-0.5,-0.5,-0.5,-0.5,-0.5,True,True,True,True,True,True
15000,SUBMISSION,,VEV_6500,XIRECS,1.0,1,00A,basket_all_far_quotes,BUY,1,UNKNOWN,0,1,0.5,-3.0,1,-0.5,False,True,0.0,-0.5,-0.5,-0.5,-0.5,-0.5,-0.5,True,True,True,True,True,True
15700,,SUBMISSION,HYDROGEL_PACK,XIRECS,10034.0,2,00A,basket_all_far_quotes,SELL,-1,UNKNOWN,10019,10035,10027.0,13.4228515625,16,7.0,False,False,0.0,8.0,10.0,6.0,9.0,27.0,50.0,False,False,False,False,False,False
16300,,SUBMISSION,VELVETFRUIT_EXTRACT,XIRECS,5274.0,4,00A,basket_all_far_quotes,SELL,-1,UNKNOWN,5270,5275,5272.5,16.0,5,1.5,False,False,0.0,1.0,0.5,1.0,-1.5,3.0,8.5,False,False,False,True,False,False
17400,SUBMISSION,,VELVETFRUIT_EXTRACT,XIRECS,5275.0,1,00A,basket_all_far_quotes,BUY,1,UNKNOWN,5274,5279,5276.5,6.552734375,5,1.5,False,False,0.0,1.5,0.5,-1.5,-1.5,-5.5,-11.0,False,False,True,True,True,True
19100,,SUBMISSION,HYDROGEL_PACK,XIRECS,10019.0,1,00A,basket_all_far_quotes,SELL,-1,UNKNOWN,10004,10020,10012.0,71.46484375,16,7.0,False,False,0.0,4.0,3.0,2.0,4.0,20.0,19.0,False,False,False,False,False,False
19700,SUBMISSION,,VELVETFRUIT_EXTRACT,XIRECS,5266.0,4,00A,basket_all_far_quotes,BUY,1,UNKNOWN,5265,5266,5265.5,34.875,1,-0.5,False,True,0.0,0.5,2.5,4.5,2.5,0.0,-1.5,False,False,False,False,False,True
19700,,SUBMISSION,VELVETFRUIT_EXTRACT,XIRECS,5265.0,1,00A,basket_all_far_quotes,SELL,-1,UNKNOWN,5265,5266,5265.5,34.875,1,-0.5,False,True,0.0,-1.5,-3.5,-5.5,-3.5,-1.0,0.5,True,True,True,True,True,False
20200,SUBMISSION,,VELVETFRUIT_EXTRACT,XIRECS,5270.0,2,00A,basket_all_far_quotes,BUY,1,UNKNOWN,5269,5272,5270.5,38.0,3,0.5,False,False,0.0,-1.5,-0.5,-1.5,-0.5,-3.0,-6.5,True,True,True,True,True,True
22300,SUBMISSION,,VELVETFRUIT_EXTRACT,XIRECS,5271.0,2,00A,basket_all_far_quotes,BUY,1,UNKNOWN,5270,5273,5271.5,38.1279296875,3,0.5,False,False,0.0,-1.5,-1.5,-3.0,-6.5,-5.5,-4.5,True,True,True,True,True,True
23100,SUBMISSION,,VELVETFRUIT_EXTRACT,XIRECS,5265.0,2,00A,basket_all_far_quotes,BUY,1,UNKNOWN,5264,5270,5267.0,24.1796875,6,2.0,False,False,0.0,1.5,-0.5,-2.5,-0.5,0.5,3.0,False,True,True,True,False,False
25500,SUBMISSION,,VELVETFRUIT_EXTRACT,XIRECS,5265.0,2,00A,basket_all_far_quotes,BUY,1,UNKNOWN,5264,5269,5266.5,23.68359375,5,1.5,False,False,0.0,1.5,1.5,2.5,1.5,-2.5,4.0,False,False,False,False,True,False
26500,,SUBMISSION,VELVETFRUIT_EXTRACT,XIRECS,5268.0,2,00A,basket_all_far_quotes,SELL,-1,UNKNOWN,5264,5269,5266.5,26.98046875,5,1.5,False,False,0.0,1.5,0.5,1.5,3.0,6.5,-0.5,False,False,False,False,False,True
29200,SUBMISSION,,HYDROGEL_PACK,XIRECS,9994.0,1,00A,basket_all_far_quotes,BUY,1,UNKNOWN,9993,10009,10001.0,121.58203125,16,7.0,False,False,0.0,10.0,11.0,11.0,7.0,14.0,-7.0,False,False,False,False,False,True
30000,SUBMISSION,,VEV_6000,XIRECS,1.0,1,00A,basket_all_far_quotes,BUY,1,UNKNOWN,0,1,0.5,-5.995116233825684,1,-0.5,False,True,0.0,-0.5,-0.5,-0.5,-0.5,-0.5,-0.5,True,True,True,True,True,True
30000,SUBMISSION,,VEV_6000,XIRECS,1.0,1,00A,basket_all_far_quotes,BUY,1,UNKNOWN,0,1,0.5,-5.995116233825684,1,-0.5,False,True,0.0,-0.5,-0.5,-0.5,-0.5,-0.5,-0.5,True,True,True,True,True,True
30000,SUBMISSION,,VEV_6000,XIRECS,1.0,1,00A,basket_all_far_quotes,BUY,1,UNKNOWN,0,1,0.5,-5.995116233825684,1,-0.5,False,True,0.0,-0.5,-0.5,-0.5,-0.5,-0.5,-0.5,True,True,True,True,True,True
30000,SUBMISSION,,VEV_6500,XIRECS,1.0,1,00A,basket_all_far_quotes,BUY,1,UNKNOWN,0,1,0.5,-6.0,1,-0.5,False,True,0.0,-0.5,-0.5,-0.5,-0.5,-0.5,-0.5,True,True,True,True,True,True
30000,SUBMISSION,,VEV_6500,XIRECS,1.0,1,00A,basket_all_far_quotes,BUY,1,UNKNOWN,0,1,0.5,-6.0,1,-0.5,False,True,0.0,-0.5,-0.5,-0.5,-0.5,-0.5,-0.5,True,True,True,True,True,True
30000,SUBMISSION,,VEV_6500,XIRECS,1.0,1,00A,basket_all_far_quotes,BUY,1,UNKNOWN,0,1,0.5,-6.0,1,-0.5,False,True,0.0,-0.5,-0.5,-0.5,-0.5,-0.5,-0.5,True,True,True,True,True,True
33300,,SUBMISSION,VELVETFRUIT_EXTRACT,XIRECS,5270.0,3,00A,basket_all_far_quotes,SELL,-1,UNKNOWN,5266,5271,5268.5,41.125,5,1.5,False,False,0.0,2.5,1.5,1.0,-2.5,2.5,17.5,False,False,False,True,False,False
35700,,SUBMISSION,VELVETFRUIT_EXTRACT,XIRECS,5269.0,2,00A,basket_all_far_quotes,SELL,-1,UNKNOWN,5265,5270,5267.5,44.66015625,5,1.5,False,False,0.0,2.5,1.0,0.5,1.5,14.5,13.5,False,False,False,False,False,False
35800,SUBMISSION,,VELVETFRUIT_EXTRACT,XIRECS,5265.0,2,00A,basket_all_far_quotes,BUY,1,UNKNOWN,5264,5269,5266.5,46.279296875,5,1.5,False,False,0.0,3.0,0.5,1.5,0.5,-10.0,-9.5,False,False,False,False,True,True
36000,,SUBMISSION,VELVETFRUIT_EXTRACT,XIRECS,5266.0,2,00A,basket_all_far_quotes,SELL,-1,UNKNOWN,5264,5267,5265.5,51.25,3,0.5,False,False,0.0,-2.5,-2.5,-2.5,1.5,11.5,10.5,True,True,True,False,False,False
36100,,SUBMISSION,VELVETFRUIT_EXTRACT,XIRECS,5270.0,2,00A,basket_all_far_quotes,SELL,-1,UNKNOWN,5266,5271,5268.5,50.1083984375,5,1.5,False,False,0.0,1.5,3.5,1.5,3.5,16.5,15.5,False,False,False,False,False,False
38400,SUBMISSION,,VELVETFRUIT_EXTRACT,XIRECS,5266.0,2,00A,basket_all_far_quotes,BUY,1,UNKNOWN,5265,5270,5267.5,54.84619140625,5,1.5,False,False,0.0,1.0,1.0,2.5,-1.5,-11.5,-9.0,False,False,False,True,True,True
41100,,SUBMISSION,HYDROGEL_PACK,XIRECS,9997.0,2,00A,basket_all_far_quotes,SELL,-1,UNKNOWN,9982,9998,9990.0,163.509765625,16,7.0,False,False,0.0,8.0,8.0,5.0,-0.0,17.0,51.0,False,False,False,False,False,False
41700,,SUBMISSION,VELVETFRUIT_EXTRACT,XIRECS,5253.0,1,00A,basket_all_far_quotes,SELL,-1,UNKNOWN,5249,5254,5251.5,41.26318359375,5,1.5,False,False,0.0,1.0,2.5,0.5,-0.0,-5.0,-9.5,False,False,False,False,True,True
42000,SUBMISSION,,VELVETFRUIT_EXTRACT,XIRECS,5248.0,3,00A,basket_all_far_quotes,BUY,1,UNKNOWN,5247,5252,5249.5,43.0,5,1.5,False,False,0.0,3.0,4.5,5.5,4.5,10.5,13.5,False,False,False,False,False,False
43000,SUBMISSION,,VELVETFRUIT_EXTRACT,XIRECS,5251.0,2,00A,basket_all_far_quotes,BUY,1,UNKNOWN,5250,5255,5252.5,57.6171875,5,1.5,False,False,0.0,2.0,2.0,1.0,0.5,8.5,7.5,False,False,False,False,False,False
44000,SUBMISSION,,HYDROGEL_PACK,XIRECS,9979.0,2,00A,basket_all_far_quotes,BUY,1,UNKNOWN,9978,9994,9986.0,195.5234375,16,7.0,False,False,0.0,6.0,1.0,7.0,2.0,-22.0,-37.0,False,False,False,False,True,True
44700,SUBMISSION,,VELVETFRUIT_EXTRACT,XIRECS,5256.0,2,00A,basket_all_far_quotes,BUY,1,UNKNOWN,5255,5260,5257.5,85.13671875,5,1.5,False,False,0.0,2.0,0.5,1.5,-0.5,3.0,2.5,False,False,False,True,False,False
44900,SUBMISSION,,VELVETFRUIT_EXTRACT,XIRECS,5257.0,2,00A,basket_all_far_quotes,BUY,1,UNKNOWN,5256,5257,5256.5,92.58203125,1,-0.5,False,True,0.0,1.5,1.0,-2.0,-1.5,3.5,0.5,False,False,True,True,False,False
44900,,SUBMISSION,VELVETFRUIT_EXTRACT,XIRECS,5256.0,2,00A,basket_all_far_quotes,SELL,-1,UNKNOWN,5256,5257,5256.5,92.58203125,1,-0.5,False,True,0.0,-2.5,-2.0,1.0,0.5,-4.5,-1.5,True,True,False,False,True,True
45000,SUBMISSION,,VEV_6000,XIRECS,1.0,1,00A,basket_all_far_quotes,BUY,1,UNKNOWN,0,1,0.5,-8.994012832641602,1,-0.5,False,True,0.0,-0.5,-0.5,-0.5,-0.5,-0.5,-0.5,True,True,True,True,True,True
45000,SUBMISSION,,VEV_6000,XIRECS,1.0,1,00A,basket_all_far_quotes,BUY,1,UNKNOWN,0,1,0.5,-8.994012832641602,1,-0.5,False,True,0.0,-0.5,-0.5,-0.5,-0.5,-0.5,-0.5,True,True,True,True,True,True
45000,SUBMISSION,,VEV_6000,XIRECS,1.0,1,00A,basket_all_far_quotes,BUY,1,UNKNOWN,0,1,0.5,-8.994012832641602,1,-0.5,False,True,0.0,-0.5,-0.5,-0.5,-0.5,-0.5,-0.5,True,True,True,True,True,True
45000,SUBMISSION,,VEV_6500,XIRECS,1.0,1,00A,basket_all_far_quotes,BUY,1,UNKNOWN,0,1,0.5,-9.0,1,-0.5,False,True,0.0,-0.5,-0.5,-0.5,-0.5,-0.5,-0.5,True,True,True,True,True,True
45000,SUBMISSION,,VEV_6500,XIRECS,1.0,1,00A,basket_all_far_quotes,BUY,1,UNKNOWN,0,1,0.5,-9.0,1,-0.5,False,True,0.0,-0.5,-0.5,-0.5,-0.5,-0.5,-0.5,True,True,True,True,True,True
45000,SUBMISSION,,VEV_6500,XIRECS,1.0,1,00A,basket_all_far_quotes,BUY,1,UNKNOWN,0,1,0.5,-9.0,1,-0.5,False,True,0.0,-0.5,-0.5,-0.5,-0.5,-0.5,-0.5,True,True,True,True,True,True
45100,,SUBMISSION,HYDROGEL_PACK,XIRECS,9990.0,2,00A,basket_all_far_quotes,SELL,-1,UNKNOWN,9975,9991,9983.0,220.71484375,16,7.0,False,False,0.0,12.5,10.0,8.0,10.0,35.0,48.0,False,False,False,False,False,False
46800,SUBMISSION,,VELVETFRUIT_EXTRACT,XIRECS,5257.0,1,00A,basket_all_far_quotes,BUY,1,UNKNOWN,5256,5261,5258.5,90.02734375,5,1.5,False,False,0.0,1.5,1.5,1.0,1.5,5.5,-3.5,False,False,False,False,False,True
48100,,SUBMISSION,VELVETFRUIT_EXTRACT,XIRECS,5260.0,2,00A,basket_all_far_quotes,SELL,-1,UNKNOWN,5256,5261,5258.5,91.83203125,5,1.5,False,False,0.0,0.5,1.0,0.5,1.5,-0.5,11.5,False,False,False,False,True,False
49400,SUBMISSION,,HYDROGEL_PACK,XIRECS,9959.0,2,00A,basket_all_far_quotes,BUY,1,UNKNOWN,9958,9966,9962.0,356.76953125,8,3.0,False,False,0.0,-3.0,-1.0,-4.0,-6.0,-21.0,-6.0,True,True,True,True,True,True
49800,,SUBMISSION,HYDROGEL_PACK,XIRECS,9959.0,1,00A,basket_all_far_quotes,SELL,-1,UNKNOWN,9944,9960,9952.0,373.6953125,16,7.0,False,False,0.0,4.0,7.0,6.0,9.0,17.5,3.0,False,False,False,False,False,False
52600,,SUBMISSION,VELVETFRUIT_EXTRACT,XIRECS,5262.0,2,00A,basket_all_far_quotes,SELL,-1,UNKNOWN,5257,5263,5260.0,106.48046875,6,2.0,False,False,0.0,2.5,2.5,1.5,2.5,13.5,13.0,False,False,False,False,False,False
53200,,SUBMISSION,VELVETFRUIT_EXTRACT,XIRECS,5263.0,2,00A,basket_all_far_quotes,SELL,-1,UNKNOWN,5259,5264,5261.5,114.986328125,5,1.5,False,False,0.0,1.5,1.5,4.0,3.5,13.0,10.0,False,False,False,False,False,False
53600,SUBMISSION,,VELVETFRUIT_EXTRACT,XIRECS,5258.0,2,00A,basket_all_far_quotes,BUY,1,UNKNOWN,5257,5262,5259.5,115.5205078125,5,1.5,False,False,0.0,1.0,1.0,0.5,2.5,-10.5,-5.5,False,False,False,False,True,True
55800,SUBMISSION,,VELVETFRUIT_EXTRACT,XIRECS,5254.0,3,00A,basket_all_far_quotes,BUY,1,UNKNOWN,5253,5254,5253.5,101.345703125,1,-0.5,False,True,0.0,1.5,-0.5,-2.5,-0.5,-7.5,-1.5,False,True,True,True,True,True
55800,,SUBMISSION,VELVETFRUIT_EXTRACT,XIRECS,5253.0,1,00A,basket_all_far_quotes,SELL,-1,UNKNOWN,5253,5254,5253.5,101.345703125,1,-0.5,False,True,0.0,-2.5,-0.5,1.5,-0.5,6.5,0.5,True,True,False,True,False,False
58300,,SUBMISSION,HYDROGEL_PACK,XIRECS,9962.0,3,00A,basket_all_far_quotes,SELL,-1,UNKNOWN,9947,9963,9955.0,368.78515625,16,7.0,False,False,0.0,10.0,10.0,6.0,8.0,-14.0,-24.0,False,False,False,False,True,True
58300,SUBMISSION,,VELVETFRUIT_EXTRACT,XIRECS,5249.0,2,00A,basket_all_far_quotes,BUY,1,UNKNOWN,5248,5251,5249.5,62.3984375,3,0.5,False,False,0.0,-0.5,-1.5,-5.5,-6.0,1.0,9.5,True,True,True,True,False,False
59200,,SUBMISSION,VELVETFRUIT_EXTRACT,XIRECS,5243.0,1,00A,basket_all_far_quotes,SELL,-1,UNKNOWN,5239,5244,5241.5,3.23828125,5,1.5,False,False,0.0,-0.0,0.5,1.5,0.5,-9.5,-9.0,False,False,False,False,True,True
60000,SUBMISSION,,VEV_6000,XIRECS,1.0,1,00A,basket_all_far_quotes,BUY,1,UNKNOWN,0,1,0.5,-11.994733810424805,1,-0.5,False,True,0.0,-0.5,-0.5,-0.5,-0.5,-0.5,-0.5,True,True,True,True,True,True
60000,SUBMISSION,,VEV_6000,XIRECS,1.0,1,00A,basket_all_far_quotes,BUY,1,UNKNOWN,0,1,0.5,-11.994733810424805,1,-0.5,False,True,0.0,-0.5,-0.5,-0.5,-0.5,-0.5,-0.5,True,True,True,True,True,True
60000,SUBMISSION,,VEV_6000,XIRECS,1.0,1,00A,basket_all_far_quotes,BUY,1,UNKNOWN,0,1,0.5,-11.994733810424805,1,-0.5,False,True,0.0,-0.5,-0.5,-0.5,-0.5,-0.5,-0.5,True,True,True,True,True,True
60000,SUBMISSION,,VEV_6500,XIRECS,1.0,1,00A,basket_all_far_quotes,BUY,1,UNKNOWN,0,1,0.5,-12.0,1,-0.5,False,True,0.0,-0.5,-0.5,-0.5,-0.5,-0.5,-0.5,True,True,True,True,True,True
60000,SUBMISSION,,VEV_6500,XIRECS,1.0,1,00A,basket_all_far_quotes,BUY,1,UNKNOWN,0,1,0.5,-12.0,1,-0.5,False,True,0.0,-0.5,-0.5,-0.5,-0.5,-0.5,-0.5,True,True,True,True,True,True
60000,SUBMISSION,,VEV_6500,XIRECS,1.0,1,00A,basket_all_far_quotes,BUY,1,UNKNOWN,0,1,0.5,-12.0,1,-0.5,False,True,0.0,-0.5,-0.5,-0.5,-0.5,-0.5,-0.5,True,True,True,True,True,True
60700,,SUBMISSION,HYDROGEL_PACK,XIRECS,9972.0,3,00A,basket_all_far_quotes,SELL,-1,UNKNOWN,9957,9973,9965.0,318.0,16,7.0,False,False,0.0,9.0,6.0,8.0,-0.0,-13.0,-18.0,False,False,False,False,True,True
64300,SUBMISSION,,VELVETFRUIT_EXTRACT,XIRECS,5250.0,1,00A,basket_all_far_quotes,BUY,1,UNKNOWN,5249,5255,5252.0,80.05078125,6,2.0,False,False,0.0,3.5,3.5,1.5,1.5,4.5,7.0,False,False,False,False,False,False
67600,,SUBMISSION,VELVETFRUIT_EXTRACT,XIRECS,5261.0,4,00A,basket_all_far_quotes,SELL,-1,UNKNOWN,5257,5262,5259.5,139.7265625,5,1.5,False,False,0.0,1.5,1.5,1.5,5.5,2.0,7.5,False,False,False,False,False,False
70000,SUBMISSION,,VELVETFRUIT_EXTRACT,XIRECS,5256.0,2,00A,basket_all_far_quotes,BUY,1,UNKNOWN,5255,5260,5257.5,141.4453125,5,1.5,False,False,0.0,0.5,0.5,0.0,-1.5,0.5,3.5,False,False,False,True,False,False
70400,,SUBMISSION,VELVETFRUIT_EXTRACT,XIRECS,5259.0,2,00A,basket_all_far_quotes,SELL,-1,UNKNOWN,5255,5260,5257.5,144.6328125,5,1.5,False,False,0.0,3.0,2.5,3.0,7.0,2.5,-3.5,False,False,False,False,False,True
70900,,SUBMISSION,HYDROGEL_PACK,XIRECS,9993.0,2,00A,basket_all_far_quotes,SELL,-1,UNKNOWN,9978,9994,9986.0,133.9453125,16,7.0,False,False,0.0,6.0,7.0,10.0,12.0,22.0,36.0,False,False,False,False,False,False
71500,SUBMISSION,,VELVETFRUIT_EXTRACT,XIRECS,5252.0,2,00A,basket_all_far_quotes,BUY,1,UNKNOWN,5251,5255,5253.0,123.669921875,4,1.0,False,False,0.0,0.5,0.5,2.5,6.5,3.0,14.0,False,False,False,False,False,False
71800,SUBMISSION,,HYDROGEL_PACK,XIRECS,9976.0,2,00A,basket_all_far_quotes,BUY,1,UNKNOWN,9975,9991,9983.0,178.9375,16,7.0,False,False,0.0,5.0,8.0,1.5,2.0,-18.0,-16.0,False,False,False,False,True,True
72300,,SUBMISSION,VELVETFRUIT_EXTRACT,XIRECS,5256.0,2,00A,basket_all_far_quotes,SELL,-1,UNKNOWN,5254,5257,5255.5,154.578125,3,0.5,False,False,0.0,-0.0,-2.5,-1.0,-0.5,3.5,-16.0,False,True,True,True,False,True
72700,,SUBMISSION,HYDROGEL_PACK,XIRECS,9987.0,1,00A,basket_all_far_quotes,SELL,-1,UNKNOWN,9972,9988,9980.0,228.21875,16,7.0,False,False,0.0,9.0,7.0,7.0,10.0,31.5,31.0,False,False,False,False,False,False
73100,SUBMISSION,,VELVETFRUIT_EXTRACT,XIRECS,5257.0,1,00A,basket_all_far_quotes,BUY,1,UNKNOWN,5256,5261,5258.5,158.791015625,5,1.5,False,False,0.0,0.0,-0.5,-1.5,-0.5,-0.5,10.0,False,True,True,True,True,False
73200,SUBMISSION,,VELVETFRUIT_EXTRACT,XIRECS,5255.0,2,00A,basket_all_far_quotes,BUY,1,UNKNOWN,5254,5260,5257.0,152.349609375,6,2.0,False,False,0.0,1.5,0.5,1.5,1.5,0.5,11.5,False,False,False,False,False,False
75000,SUBMISSION,,VEV_6000,XIRECS,1.0,1,00A,basket_all_far_quotes,BUY,1,UNKNOWN,0,1,0.5,-14.990039825439451,1,-0.5,False,True,0.0,-0.5,-0.5,-0.5,-0.5,-0.5,-0.5,True,True,True,True,True,True
75000,SUBMISSION,,VEV_6000,XIRECS,1.0,1,00A,basket_all_far_quotes,BUY,1,UNKNOWN,0,1,0.5,-14.990039825439451,1,-0.5,False,True,0.0,-0.5,-0.5,-0.5,-0.5,-0.5,-0.5,True,True,True,True,True,True
75000,SUBMISSION,,VEV_6000,XIRECS,1.0,1,00A,basket_all_far_quotes,BUY,1,UNKNOWN,0,1,0.5,-14.990039825439451,1,-0.5,False,True,0.0,-0.5,-0.5,-0.5,-0.5,-0.5,-0.5,True,True,True,True,True,True
75000,SUBMISSION,,VEV_6500,XIRECS,1.0,1,00A,basket_all_far_quotes,BUY,1,UNKNOWN,0,1,0.5,-15.0,1,-0.5,False,True,0.0,-0.5,-0.5,-0.5,-0.5,-0.5,-0.5,True,True,True,True,True,True
75000,SUBMISSION,,VEV_6500,XIRECS,1.0,1,00A,basket_all_far_quotes,BUY,1,UNKNOWN,0,1,0.5,-15.0,1,-0.5,False,True,0.0,-0.5,-0.5,-0.5,-0.5,-0.5,-0.5,True,True,True,True,True,True
75000,SUBMISSION,,VEV_6500,XIRECS,1.0,1,00A,basket_all_far_quotes,BUY,1,UNKNOWN,0,1,0.5,-15.0,1,-0.5,False,True,0.0,-0.5,-0.5,-0.5,-0.5,-0.5,-0.5,True,True,True,True,True,True
76700,,SUBMISSION,VELVETFRUIT_EXTRACT,XIRECS,5257.0,2,00A,basket_all_far_quotes,SELL,-1,UNKNOWN,5252,5258,5255.0,142.14453125,6,2.0,False,False,0.0,3.0,3.5,4.5,3.5,-9.5,-10.5,False,False,False,False,True,True
78300,SUBMISSION,,VELVETFRUIT_EXTRACT,XIRECS,5255.0,2,00A,basket_all_far_quotes,BUY,1,UNKNOWN,5254,5257,5255.5,142.8515625,3,0.5,False,False,0.0,-0.5,-1.0,-0.5,2.5,10.5,13.0,True,True,True,False,False,False
78700,SUBMISSION,,HYDROGEL_PACK,XIRECS,9940.0,3,00A,basket_all_far_quotes,BUY,1,UNKNOWN,9939,9955,9947.0,594.6328125,16,7.0,False,False,0.0,7.0,6.0,11.0,15.0,11.0,-6.0,False,False,False,False,False,True
82100,,SUBMISSION,VELVETFRUIT_EXTRACT,XIRECS,5269.0,2,00A,basket_all_far_quotes,SELL,-1,UNKNOWN,5268,5270,5269.0,255.34375,2,-0.0,False,False,0.0,-3.0,-3.0,-2.5,2.0,-1.0,1.5,True,True,True,False,True,False
83000,,SUBMISSION,VELVETFRUIT_EXTRACT,XIRECS,5270.0,2,00A,basket_all_far_quotes,SELL,-1,UNKNOWN,5265,5271,5268.0,239.177734375,6,2.0,False,False,0.0,3.0,3.5,1.5,1.5,-0.5,-0.5,False,False,False,False,True,True
84100,,SUBMISSION,VELVETFRUIT_EXTRACT,XIRECS,5271.0,2,00A,basket_all_far_quotes,SELL,-1,UNKNOWN,5266,5272,5269.0,246.14453125,6,2.0,False,False,0.0,0.5,0.5,-1.0,2.5,2.5,4.0,False,False,True,False,False,False
84400,,SUBMISSION,VELVETFRUIT_EXTRACT,XIRECS,5272.0,2,00A,basket_all_far_quotes,SELL,-1,UNKNOWN,5268,5273,5270.5,251.85888671875,5,1.5,False,False,0.0,-0.5,-0.0,1.0,3.5,2.5,4.5,True,False,False,False,False,False
84800,,SUBMISSION,VELVETFRUIT_EXTRACT,XIRECS,5275.0,3,00A,basket_all_far_quotes,SELL,-1,UNKNOWN,5271,5276,5273.5,251.29638671875,5,1.5,False,False,0.0,4.0,5.5,6.5,5.5,7.5,10.5,False,False,False,False,False,False
85500,,SUBMISSION,HYDROGEL_PACK,XIRECS,9953.0,1,00A,basket_all_far_quotes,SELL,-1,UNKNOWN,9938,9954,9946.0,625.1875,16,7.0,False,False,0.0,6.0,9.5,4.5,8.0,25.0,11.0,False,False,False,False,False,False
85500,,SUBMISSION,VELVETFRUIT_EXTRACT,XIRECS,5272.0,2,00A,basket_all_far_quotes,SELL,-1,UNKNOWN,5268,5273,5270.5,268.83984375,5,1.5,False,False,0.0,1.5,0.5,3.5,0.5,3.5,9.5,False,False,False,False,False,False
86300,SUBMISSION,,VELVETFRUIT_EXTRACT,XIRECS,5268.0,2,00A,basket_all_far_quotes,BUY,1,UNKNOWN,5267,5268,5267.5,279.1640625,1,-0.5,False,True,0.0,2.0,3.5,-0.5,2.5,-1.5,-3.5,False,False,True,False,True,True
86300,,SUBMISSION,VELVETFRUIT_EXTRACT,XIRECS,5267.0,2,00A,basket_all_far_quotes,SELL,-1,UNKNOWN,5267,5268,5267.5,279.1640625,1,-0.5,False,True,0.0,-3.0,-4.5,-0.5,-3.5,0.5,2.5,True,True,True,True,False,False
89000,SUBMISSION,,VELVETFRUIT_EXTRACT,XIRECS,5270.0,2,00A,basket_all_far_quotes,BUY,1,UNKNOWN,5269,5272,5270.5,276.828125,3,0.5,False,False,0.0,-1.5,0.0,-1.5,-1.5,0.0,-4.5,True,False,True,True,False,True
90000,SUBMISSION,,VEV_6000,XIRECS,1.0,1,00A,basket_all_far_quotes,BUY,1,UNKNOWN,0,1,0.5,-17.984731674194336,1,-0.5,False,True,0.0,-0.5,-0.5,-0.5,-0.5,-0.5,,True,True,True,True,True,False
90000,SUBMISSION,,VEV_6000,XIRECS,1.0,1,00A,basket_all_far_quotes,BUY,1,UNKNOWN,0,1,0.5,-17.984731674194336,1,-0.5,False,True,0.0,-0.5,-0.5,-0.5,-0.5,-0.5,,True,True,True,True,True,False
90000,SUBMISSION,,VEV_6000,XIRECS,1.0,1,00A,basket_all_far_quotes,BUY,1,UNKNOWN,0,1,0.5,-17.984731674194336,1,-0.5,False,True,0.0,-0.5,-0.5,-0.5,-0.5,-0.5,,True,True,True,True,True,False
90000,SUBMISSION,,VEV_6500,XIRECS,1.0,1,00A,basket_all_far_quotes,BUY,1,UNKNOWN,0,1,0.5,-18.0,1,-0.5,False,True,0.0,-0.5,-0.5,-0.5,-0.5,-0.5,,True,True,True,True,True,False
90000,SUBMISSION,,VEV_6500,XIRECS,1.0,1,00A,basket_all_far_quotes,BUY,1,UNKNOWN,0,1,0.5,-18.0,1,-0.5,False,True,0.0,-0.5,-0.5,-0.5,-0.5,-0.5,,True,True,True,True,True,False
90000,SUBMISSION,,VEV_6500,XIRECS,1.0,1,00A,basket_all_far_quotes,BUY,1,UNKNOWN,0,1,0.5,-18.0,1,-0.5,False,True,0.0,-0.5,-0.5,-0.5,-0.5,-0.5,,True,True,True,True,True,False
90100,,SUBMISSION,HYDROGEL_PACK,XIRECS,9930.0,1,00A,basket_all_far_quotes,SELL,-1,UNKNOWN,9915,9931,9923.0,836.6796875,16,7.0,False,False,0.0,4.0,3.0,4.0,15.0,-8.5,,False,False,False,False,True,False
90100,SUBMISSION,,VELVETFRUIT_EXTRACT,XIRECS,5269.0,2,00A,basket_all_far_quotes,BUY,1,UNKNOWN,5268,5271,5269.5,278.814453125,3,0.5,False,False,0.0,-0.5,-1.0,-1.5,-3.5,-4.5,,True,True,True,True,True,False
91700,,SUBMISSION,HYDROGEL_PACK,XIRECS,9928.0,1,00A,basket_all_far_quotes,SELL,-1,UNKNOWN,9913,9929,9921.0,866.15625,16,7.0,False,False,0.0,4.0,5.0,5.0,5.0,-11.0,,False,False,False,False,True,False
91700,SUBMISSION,,VELVETFRUIT_EXTRACT,XIRECS,5265.0,2,00A,basket_all_far_quotes,BUY,1,UNKNOWN,5264,5269,5266.5,280.76171875,5,1.5,False,False,0.0,1.5,1.0,3.5,3.5,-1.5,,False,False,False,False,True,False
92600,,SUBMISSION,VELVETFRUIT_EXTRACT,XIRECS,5270.0,2,00A,basket_all_far_quotes,SELL,-1,UNKNOWN,5266,5271,5268.5,284.0,5,1.5,False,False,0.0,1.5,-0.0,-1.0,2.5,8.5,,False,False,True,False,False,False
95100,SUBMISSION,,VELVETFRUIT_EXTRACT,XIRECS,5263.0,3,00A,basket_all_far_quotes,BUY,1,UNKNOWN,5262,5267,5264.5,294.2470703125,5,1.5,False,False,0.0,-1.0,-2.0,-2.0,-1.0,,,True,True,True,True,False,False
97200,,SUBMISSION,VELVETFRUIT_EXTRACT,XIRECS,5264.0,2,00A,basket_all_far_quotes,SELL,-1,UNKNOWN,5260,5265,5262.5,297.45849609375,5,1.5,False,False,0.0,2.5,3.5,2.5,-1.5,,,False,False,False,True,False,False
97400,SUBMISSION,,VELVETFRUIT_EXTRACT,XIRECS,5259.0,3,00A,basket_all_far_quotes,BUY,1,UNKNOWN,5258,5263,5260.5,302.2900390625,5,1.5,False,False,0.0,2.5,2.5,2.5,5.5,,,False,False,False,False,False,False
97600,SUBMISSION,,HYDROGEL_PACK,XIRECS,9938.0,2,00A,basket_all_far_quotes,BUY,1,UNKNOWN,9937,9953,9945.0,611.984375,16,7.0,False,False,0.0,7.0,9.0,8.5,9.0,,,False,False,False,False,False,False
99300,SUBMISSION,,VELVETFRUIT_EXTRACT,XIRECS,5262.0,2,00A,basket_all_far_quotes,BUY,1,UNKNOWN,5261,5262,5261.5,312.59375,1,-0.5,False,True,0.0,2.5,2.0,2.0,,,,False,False,False,False,False,False
99300,,SUBMISSION,VELVETFRUIT_EXTRACT,XIRECS,5261.0,2,00A,basket_all_far_quotes,SELL,-1,UNKNOWN,5261,5262,5261.5,312.59375,1,-0.5,False,True,0.0,-3.5,-3.0,-3.0,,,,True,True,True,False,False,False
400,SUBMISSION,,VEV_4000,XIRECS,1275.0,1,00B,basket_all_gap_flow_follow,BUY,1,UNKNOWN,1254,1275,1264.5,0.0,21,-10.5,False,True,0.0,-11.5,-8.0,-12.5,-11.0,-2.0,-13.0,True,True,True,True,True,True
600,,SUBMISSION,VEV_4000,XIRECS,1261.0,1,00B,basket_all_gap_flow_follow,SELL,-1,UNKNOWN,1261,1273,1267.0,-13.0550537109375,12,-6.0,False,True,0.0,-1.5,-1.5,-2.5,-3.5,-15.0,-0.0,True,True,True,True,True,False
600,,SUBMISSION,VEV_4500,XIRECS,761.0,1,00B,basket_all_gap_flow_follow,SELL,-1,UNKNOWN,761,770,765.5,0.0,9,-4.5,False,True,0.0,-1.5,-2.0,-3.0,-4.0,-15.0,-0.0,True,True,True,True,True,False
600,,SUBMISSION,VEV_5000,XIRECS,265.0,1,00B,basket_all_gap_flow_follow,SELL,-1,UNKNOWN,265,268,266.5,0.0,3,-1.5,False,True,0.0,-0.5,-1.0,-2.0,-3.0,-13.5,1.0,True,True,True,True,True,False
800,SUBMISSION,,VEV_4000,XIRECS,1273.0,1,00B,basket_all_gap_flow_follow,BUY,1,UNKNOWN,1252,1273,1262.5,-14.0,21,-10.5,False,True,0.0,-10.5,-10.5,-11.0,-7.5,1.5,-12.0,True,True,True,True,False,True
1000,SUBMISSION,,VELVETFRUIT_EXTRACT,XIRECS,5265.0,1,00B,basket_all_gap_flow_follow,BUY,1,UNKNOWN,5260,5265,5262.5,0.0,5,-2.5,False,True,0.0,-1.5,-2.5,-0.5,3.5,10.5,-2.5,True,True,True,False,False,True
1100,SUBMISSION,,VELVETFRUIT_EXTRACT,XIRECS,5266.0,1,00B,basket_all_gap_flow_follow,BUY,1,UNKNOWN,5261,5266,5263.5,-1.27978515625,5,-2.5,False,True,0.0,-3.5,-4.0,-1.5,3.5,10.5,-2.0,True,True,True,False,False,True
1200,SUBMISSION,,VELVETFRUIT_EXTRACT,XIRECS,5265.0,1,00B,basket_all_gap_flow_follow,BUY,1,UNKNOWN,5260,5265,5262.5,-6.32421875,5,-2.5,False,True,0.0,-3.0,-1.0,1.0,3.5,10.5,-0.5,True,True,False,False,False,True
1300,SUBMISSION,,VELVETFRUIT_EXTRACT,XIRECS,5265.0,1,00B,basket_all_gap_flow_follow,BUY,1,UNKNOWN,5259,5265,5262.0,-9.765625,6,-3.0,False,True,0.0,-1.0,-0.5,0.5,4.0,11.0,0.5,True,True,False,False,False,False
1400,SUBMISSION,,VELVETFRUIT_EXTRACT,XIRECS,5267.0,1,00B,basket_all_gap_flow_follow,BUY,1,UNKNOWN,5261,5267,5264.0,-4.779296875,6,-3.0,False,True,0.0,-2.5,-2.5,-0.5,3.5,6.5,-0.5,True,True,True,False,False,True
1400,,SUBMISSION,VEV_4000,XIRECS,1253.0,1,00B,basket_all_gap_flow_follow,SELL,-1,UNKNOWN,1253,1275,1264.0,-22.94482421875,22,-11.0,False,True,0.0,-11.5,-11.5,-13.5,-17.5,-20.5,-13.5,True,True,True,True,True,True
1500,SUBMISSION,,VELVETFRUIT_EXTRACT,XIRECS,5267.0,1,00B,basket_all_gap_flow_follow,BUY,1,UNKNOWN,5262,5267,5264.5,-4.23828125,5,-2.5,False,True,0.0,-2.5,-1.0,1.5,5.5,6.5,0.5,True,True,False,False,False,False
1500,SUBMISSION,,VEV_4000,XIRECS,1275.0,1,00B,basket_all_gap_flow_follow,BUY,1,UNKNOWN,1254,1275,1264.5,-34.0,21,-10.5,False,True,0.0,-10.5,-9.0,-6.5,-2.5,-1.5,-7.5,True,True,True,True,True,True
2100,SUBMISSION,,VEV_4000,XIRECS,1280.0,1,00B,basket_all_gap_flow_follow,BUY,1,UNKNOWN,1259,1280,1269.5,-39.6717529296875,21,-10.5,False,True,0.0,-11.5,-11.0,-7.5,-7.5,-9.5,-11.5,True,True,True,True,True,True
2100,,SUBMISSION,VEV_4000,XIRECS,1259.0,1,00B,basket_all_gap_flow_follow,SELL,-1,UNKNOWN,1259,1280,1269.5,-39.6717529296875,21,-10.5,False,True,0.0,-9.5,-10.0,-13.5,-13.5,-11.5,-9.5,True,True,True,True,True,True
2300,,SUBMISSION,VELVETFRUIT_EXTRACT,XIRECS,5266.0,1,00B,basket_all_gap_flow_follow,SELL,-1,UNKNOWN,5266,5272,5269.0,18.75390625,6,-3.0,False,True,0.0,-4.5,-6.5,-5.5,-7.5,-5.0,-2.5,True,True,True,True,True,True
2400,,SUBMISSION,VELVETFRUIT_EXTRACT,XIRECS,5268.0,1,00B,basket_all_gap_flow_follow,SELL,-1,UNKNOWN,5268,5273,5270.5,22.154296875,5,-2.5,False,True,0.0,-4.5,-4.5,-1.5,-6.5,-4.5,1.5,True,True,True,True,True,False
2500,,SUBMISSION,VELVETFRUIT_EXTRACT,XIRECS,5270.0,1,00B,basket_all_gap_flow_follow,SELL,-1,UNKNOWN,5270,5275,5272.5,27.84375,5,-2.5,False,True,0.0,-2.5,-2.0,-0.5,-3.5,-4.0,2.5,True,True,True,True,True,False
2600,,SUBMISSION,VELVETFRUIT_EXTRACT,XIRECS,5270.0,1,00B,basket_all_gap_flow_follow,SELL,-1,UNKNOWN,5270,5275,5272.5,26.9423828125,5,-2.5,False,True,0.0,-2.0,-1.5,-2.5,-4.0,-2.5,3.5,True,True,True,True,True,False
2700,,SUBMISSION,VELVETFRUIT_EXTRACT,XIRECS,5269.0,1,00B,basket_all_gap_flow_follow,SELL,-1,UNKNOWN,5269,5275,5272.0,23.0068359375,6,-3.0,False,True,0.0,-2.5,-0.5,-4.0,-4.5,-4.0,4.0,True,True,True,True,True,False
2700,SUBMISSION,,VELVETFRUIT_EXTRACT,XIRECS,5270.0,1,00B,basket_all_gap_flow_follow,BUY,1,UNKNOWN,5269,5275,5272.0,23.0068359375,6,2.0,False,False,0.0,1.5,-0.5,3.0,3.5,3.0,-5.0,False,True,False,False,False,True
2800,,SUBMISSION,VELVETFRUIT_EXTRACT,XIRECS,5269.0,1,00B,basket_all_gap_flow_follow,SELL,-1,UNKNOWN,5269,5274,5271.5,20.8759765625,5,-2.5,False,True,0.0,-0.5,-1.5,-4.5,-4.5,-2.0,3.5,True,True,True,True,True,False
2900,,SUBMISSION,VELVETFRUIT_EXTRACT,XIRECS,5267.0,1,00B,basket_all_gap_flow_follow,SELL,-1,UNKNOWN,5267,5272,5269.5,16.41748046875,5,-2.5,False,True,0.0,-3.5,-5.5,-7.5,-7.0,-4.5,0.5,True,True,True,True,True,False
2900,,SUBMISSION,VELVETFRUIT_EXTRACT,XIRECS,5271.0,2,00B,basket_all_gap_flow_follow,SELL,-1,UNKNOWN,5267,5272,5269.5,16.41748046875,5,1.5,False,False,0.0,0.5,-1.5,-3.5,-3.0,-0.5,4.5,False,True,True,True,True,False
2900,SUBMISSION,,VEV_4000,XIRECS,1280.0,1,00B,basket_all_gap_flow_follow,BUY,1,UNKNOWN,1259,1280,1269.5,-60.5826416015625,21,-10.5,False,True,0.0,-9.5,-7.5,-5.5,-6.0,-8.5,-13.5,True,True,True,True,True,True
2900,,SUBMISSION,VEV_4000,XIRECS,1259.0,1,00B,basket_all_gap_flow_follow,SELL,-1,UNKNOWN,1259,1280,1269.5,-60.5826416015625,21,-10.5,False,True,0.0,-11.5,-13.5,-15.5,-15.0,-12.5,-7.5,True,True,True,True,True,True
3000,,SUBMISSION,VELVETFRUIT_EXTRACT,XIRECS,5268.0,1,00B,basket_all_gap_flow_follow,SELL,-1,UNKNOWN,5268,5273,5270.5,15.1533203125,5,-2.5,False,True,0.0,-4.5,-5.0,-5.5,-4.5,-4.0,2.5,True,True,True,True,True,False
3100,,SUBMISSION,VELVETFRUIT_EXTRACT,XIRECS,5270.0,1,00B,basket_all_gap_flow_follow,SELL,-1,UNKNOWN,5270,5275,5272.5,7.232421875,5,-2.5,False,True,0.0,-3.0,-3.5,-4.0,-3.5,-0.5,4.0,True,True,True,True,True,False
3200,,SUBMISSION,VELVETFRUIT_EXTRACT,XIRECS,5270.0,1,00B,basket_all_gap_flow_follow,SELL,-1,UNKNOWN,5270,5276,5273.0,2.392578125,6,-3.0,False,True,0.0,-3.5,-4.5,-3.5,-4.5,-0.0,2.5,True,True,True,True,False,False
3300,,SUBMISSION,VELVETFRUIT_EXTRACT,XIRECS,5271.0,1,00B,basket_all_gap_flow_follow,SELL,-1,UNKNOWN,5271,5276,5273.5,-4.162109375,5,-2.5,False,True,0.0,-3.5,-2.5,-2.5,-3.5,1.5,3.5,True,True,True,True,False,False
3400,,SUBMISSION,VELVETFRUIT_EXTRACT,XIRECS,5272.0,1,00B,basket_all_gap_flow_follow,SELL,-1,UNKNOWN,5272,5277,5274.5,-11.91015625,5,-2.5,False,True,0.0,-1.5,-2.0,-2.0,-0.5,1.0,5.0,True,True,True,True,False,False
3400,SUBMISSION,,VEV_4000,XIRECS,1285.0,1,00B,basket_all_gap_flow_follow,BUY,1,UNKNOWN,1264,1285,1274.5,-76.515380859375,21,-10.5,False,True,0.0,-11.5,-11.0,-11.0,-12.5,-14.0,-18.0,True,True,True,True,True,True
3400,,SUBMISSION,VEV_4000,XIRECS,1264.0,1,00B,basket_all_gap_flow_follow,SELL,-1,UNKNOWN,1264,1285,1274.5,-76.515380859375,21,-10.5,False,True,0.0,-9.5,-10.0,-10.0,-8.5,-7.0,-3.0,True,True,True,True,True,True
3400,,SUBMISSION,VEV_4000,XIRECS,1264.0,1,00B,basket_all_gap_flow_follow,SELL,-1,UNKNOWN,1264,1285,1274.5,-76.515380859375,21,-10.5,False,True,0.0,-9.5,-10.0,-10.0,-8.5,-7.0,-3.0,True,True,True,True,True,True
3500,,SUBMISSION,VELVETFRUIT_EXTRACT,XIRECS,5271.0,1,00B,basket_all_gap_flow_follow,SELL,-1,UNKNOWN,5271,5276,5273.5,-6.015625,5,-2.5,False,True,0.0,-3.0,-2.5,-1.5,-1.5,-1.0,6.0,True,True,True,True,True,False
3600,,SUBMISSION,VELVETFRUIT_EXTRACT,XIRECS,5271.0,1,00B,basket_all_gap_flow_follow,SELL,-1,UNKNOWN,5271,5277,5274.0,-14.44921875,6,-3.0,False,True,0.0,-2.5,-2.5,-2.5,0.5,0.5,5.5,True,True,True,False,False,False
3700,,SUBMISSION,VELVETFRUIT_EXTRACT,XIRECS,5271.0,1,00B,basket_all_gap_flow_follow,SELL,-1,UNKNOWN,5271,5276,5273.5,-11.72265625,5,-2.5,False,True,0.0,-2.5,-3.0,-3.5,-0.0,2.5,5.5,True,True,True,False,False,False
3800,,SUBMISSION,VELVETFRUIT_EXTRACT,XIRECS,5271.0,1,00B,basket_all_gap_flow_follow,SELL,-1,UNKNOWN,5271,5276,5273.5,-18.75390625,5,-2.5,False,True,0.0,-3.0,-1.5,-3.5,0.5,3.5,5.5,True,True,True,False,False,False
3900,,SUBMISSION,VELVETFRUIT_EXTRACT,XIRECS,5271.0,1,00B,basket_all_gap_flow_follow,SELL,-1,UNKNOWN,5271,5277,5274.0,-22.0078125,6,-3.0,False,True,0.0,-1.5,-2.5,-1.5,-1.5,3.5,4.5,True,True,True,True,False,False
4000,,SUBMISSION,VELVETFRUIT_EXTRACT,XIRECS,5270.0,1,00B,basket_all_gap_flow_follow,SELL,-1,UNKNOWN,5270,5275,5272.5,-11.8203125,5,-2.5,False,True,0.0,-3.5,-4.5,-2.5,-3.0,2.5,3.5,True,True,True,True,False,False
4100,,SUBMISSION,VELVETFRUIT_EXTRACT,XIRECS,5271.0,1,00B,basket_all_gap_flow_follow,SELL,-1,UNKNOWN,5271,5276,5273.5,-26.21875,5,-2.5,False,True,0.0,-3.5,-3.5,0.5,-2.0,6.0,4.5,True,True,False,True,False,False
4200,,SUBMISSION,VELVETFRUIT_EXTRACT,XIRECS,5272.0,1,00B,basket_all_gap_flow_follow,SELL,-1,UNKNOWN,5272,5277,5274.5,-38.984375,5,-2.5,False,True,0.0,-2.5,-0.5,1.0,-1.0,6.0,5.5,True,True,False,True,False,False
4300,,SUBMISSION,VELVETFRUIT_EXTRACT,XIRECS,5272.0,1,00B,basket_all_gap_flow_follow,SELL,-1,UNKNOWN,5272,5277,5274.5,-40.640625,5,-2.5,False,True,0.0,-0.5,-0.5,1.5,-1.5,6.5,4.5,True,True,False,True,False,False
4400,,SUBMISSION,VELVETFRUIT_EXTRACT,XIRECS,5270.0,1,00B,basket_all_gap_flow_follow,SELL,-1,UNKNOWN,5270,5275,5272.5,-10.796875,5,-2.5,False,True,0.0,-2.5,-0.5,-2.5,-3.0,5.5,3.5,True,True,True,True,False,False
4500,,SUBMISSION,VELVETFRUIT_EXTRACT,XIRECS,5270.0,1,00B,basket_all_gap_flow_follow,SELL,-1,UNKNOWN,5270,5275,5272.5,-10.6015625,5,-2.5,False,True,0.0,-0.5,-1.0,-3.0,-5.5,6.5,4.5,True,True,True,True,False,False
4600,,SUBMISSION,VELVETFRUIT_EXTRACT,XIRECS,5268.0,1,00B,basket_all_gap_flow_follow,SELL,-1,UNKNOWN,5268,5273,5270.5,12.0234375,5,-2.5,False,True,0.0,-3.0,-2.5,-5.0,-8.0,5.5,4.0,True,True,True,True,False,False
4600,SUBMISSION,,VEV_4000,XIRECS,1281.0,1,00B,basket_all_gap_flow_follow,BUY,1,UNKNOWN,1260,1281,1270.5,-108.0,21,-10.5,False,True,0.0,-10.0,-10.5,-8.0,-5.0,-18.5,-17.0,True,True,True,True,True,True
4700,,SUBMISSION,VELVETFRUIT_EXTRACT,XIRECS,5268.0,1,00B,basket_all_gap_flow_follow,SELL,-1,UNKNOWN,5268,5274,5271.0,6.65625,6,-3.0,False,True,0.0,-2.5,-4.5,-5.0,-8.0,5.5,1.5,True,True,True,True,False,False
4800,,SUBMISSION,VELVETFRUIT_EXTRACT,XIRECS,5268.0,1,00B,basket_all_gap_flow_follow,SELL,-1,UNKNOWN,5268,5273,5270.5,9.3671875,5,-2.5,False,True,0.0,-4.5,-5.0,-5.5,-6.5,5.5,1.0,True,True,True,True,False,False
4900,,SUBMISSION,VELVETFRUIT_EXTRACT,XIRECS,5270.0,1,00B,basket_all_gap_flow_follow,SELL,-1,UNKNOWN,5270,5275,5272.5,-39.5625,5,-2.5,False,True,0.0,-3.0,-3.0,-3.0,-6.0,7.0,2.5,True,True,True,True,False,False
5000,,SUBMISSION,VELVETFRUIT_EXTRACT,XIRECS,5270.0,1,00B,basket_all_gap_flow_follow,SELL,-1,UNKNOWN,5270,5276,5273.0,-47.109375,6,-3.0,False,True,0.0,-3.0,-3.0,-5.5,-5.5,7.5,3.5,True,True,True,True,False,False
5100,,SUBMISSION,VELVETFRUIT_EXTRACT,XIRECS,5270.0,1,00B,basket_all_gap_flow_follow,SELL,-1,UNKNOWN,5270,5276,5273.0,-47.59375,6,-3.0,False,True,0.0,-3.0,-3.5,-6.0,-6.5,7.0,1.5,True,True,True,True,False,False
5200,,SUBMISSION,VELVETFRUIT_EXTRACT,XIRECS,5270.0,1,00B,basket_all_gap_flow_follow,SELL,-1,UNKNOWN,5270,5276,5273.0,-50.9765625,6,-3.0,False,True,0.0,-3.5,-3.0,-6.0,-5.5,8.0,1.5,True,True,True,True,False,False
5300,,SUBMISSION,VELVETFRUIT_EXTRACT,XIRECS,5271.0,1,00B,basket_all_gap_flow_follow,SELL,-1,UNKNOWN,5271,5276,5273.5,-65.796875,5,-2.5,False,True,0.0,-2.0,-4.5,-3.5,-5.0,10.5,2.0,True,True,True,True,False,False
5300,SUBMISSION,,VEV_4000,XIRECS,1284.0,1,00B,basket_all_gap_flow_follow,BUY,1,UNKNOWN,1263,1284,1273.5,-115.5277099609375,21,-10.5,False,True,0.0,-11.0,-8.0,-9.5,-9.5,-23.5,-15.0,True,True,True,True,True,True
5300,,SUBMISSION,VEV_4000,XIRECS,1263.0,1,00B,basket_all_gap_flow_follow,SELL,-1,UNKNOWN,1263,1284,1273.5,-115.5277099609375,21,-10.5,False,True,0.0,-10.0,-13.0,-11.5,-11.5,2.5,-6.0,True,True,True,True,False,True
5400,,SUBMISSION,VELVETFRUIT_EXTRACT,XIRECS,5270.0,1,00B,basket_all_gap_flow_follow,SELL,-1,UNKNOWN,5270,5276,5273.0,-56.28125,6,-3.0,False,True,0.0,-5.5,-6.0,-6.0,-3.5,8.0,1.5,True,True,True,True,False,False
5400,,SUBMISSION,VEV_4000,XIRECS,1262.0,1,00B,basket_all_gap_flow_follow,SELL,-1,UNKNOWN,1262,1284,1273.0,-136.989013671875,22,-11.0,False,True,0.0,-14.0,-14.0,-13.0,-11.5,-0.0,-6.5,True,True,True,True,False,True
5500,,SUBMISSION,VELVETFRUIT_EXTRACT,XIRECS,5273.0,1,00B,basket_all_gap_flow_follow,SELL,-1,UNKNOWN,5273,5278,5275.5,-134.859375,5,-2.5,False,True,0.0,-3.0,-3.0,-2.5,-0.5,11.5,4.5,True,True,True,True,False,False
5600,,SUBMISSION,VELVETFRUIT_EXTRACT,XIRECS,5273.0,1,00B,basket_all_gap_flow_follow,SELL,-1,UNKNOWN,5273,5279,5276.0,-145.578125,6,-3.0,False,True,0.0,-3.0,-1.5,-3.5,-0.0,12.0,2.5,True,True,True,False,False,False
5700,,SUBMISSION,VELVETFRUIT_EXTRACT,XIRECS,5273.0,1,00B,basket_all_gap_flow_follow,SELL,-1,UNKNOWN,5273,5279,5276.0,-145.21875,6,-3.0,False,True,0.0,-1.5,-3.0,-2.5,0.5,10.5,3.0,True,True,True,False,False,False
5700,SUBMISSION,,VELVETFRUIT_EXTRACT,XIRECS,5274.0,3,00B,basket_all_gap_flow_follow,BUY,1,UNKNOWN,5273,5279,5276.0,-145.21875,6,2.0,False,False,0.0,0.5,2.0,1.5,-1.5,-11.5,-4.0,False,False,False,True,True,True
5800,,SUBMISSION,VELVETFRUIT_EXTRACT,XIRECS,5272.0,1,00B,basket_all_gap_flow_follow,SELL,-1,UNKNOWN,5272,5277,5274.5,-102.796875,5,-2.5,False,True,0.0,-4.0,-3.5,-4.0,-0.5,11.0,2.5,True,True,True,True,False,False
5900,,SUBMISSION,VELVETFRUIT_EXTRACT,XIRECS,5275.0,1,00B,basket_all_gap_flow_follow,SELL,-1,UNKNOWN,5275,5277,5276.0,-114.421875,2,-1.0,False,True,0.0,-0.5,-1.5,1.5,1.5,13.5,4.5,True,True,False,False,False,False
6000,,SUBMISSION,VELVETFRUIT_EXTRACT,XIRECS,5273.0,1,00B,basket_all_gap_flow_follow,SELL,-1,UNKNOWN,5273,5278,5275.5,-130.859375,5,-2.5,False,True,0.0,-3.5,-2.5,-0.5,3.0,10.5,1.0,True,True,True,False,False,False
6100,,SUBMISSION,VELVETFRUIT_EXTRACT,XIRECS,5275.0,1,00B,basket_all_gap_flow_follow,SELL,-1,UNKNOWN,5275,5278,5276.5,-122.03125,3,-1.5,False,True,0.0,-0.5,-1.0,2.0,4.5,11.0,3.5,True,True,False,False,False,False
6200,,SUBMISSION,VELVETFRUIT_EXTRACT,XIRECS,5273.0,1,00B,basket_all_gap_flow_follow,SELL,-1,UNKNOWN,5273,5278,5275.5,-132.375,5,-2.5,False,True,0.0,-3.0,-0.5,0.5,2.5,8.5,2.0,True,True,False,False,False,False
6300,,SUBMISSION,VELVETFRUIT_EXTRACT,XIRECS,5275.0,1,00B,basket_all_gap_flow_follow,SELL,-1,UNKNOWN,5275,5277,5276.0,-109.375,2,-1.0,False,True,0.0,1.5,1.5,2.5,4.0,9.5,2.5,False,False,False,False,False,False
6300,SUBMISSION,,VELVETFRUIT_EXTRACT,XIRECS,5276.0,3,00B,basket_all_gap_flow_follow,BUY,1,UNKNOWN,5275,5277,5276.0,-109.375,2,0.0,False,False,0.0,-2.5,-2.5,-3.5,-5.0,-10.5,-3.5,True,True,True,True,True,True
6400,,SUBMISSION,VELVETFRUIT_EXTRACT,XIRECS,5271.0,1,00B,basket_all_gap_flow_follow,SELL,-1,UNKNOWN,5271,5276,5273.5,-88.0625,5,-2.5,False,True,0.0,-2.5,-2.0,-2.5,-1.5,4.5,-2.0,True,True,True,True,False,True
6400,SUBMISSION,,VEV_4000,XIRECS,1284.0,1,00B,basket_all_gap_flow_follow,BUY,1,UNKNOWN,1263,1284,1273.5,-148.0,21,-10.5,False,True,0.0,-10.5,-11.0,-10.5,-11.5,-17.5,-11.0,True,True,True,True,True,True
6400,,SUBMISSION,VEV_4000,XIRECS,1263.0,1,00B,basket_all_gap_flow_follow,SELL,-1,UNKNOWN,1263,1284,1273.5,-148.0,21,-10.5,False,True,0.0,-10.5,-10.0,-10.5,-9.5,-3.5,-10.0,True,True,True,True,True,True
6500,,SUBMISSION,VELVETFRUIT_EXTRACT,XIRECS,5271.0,1,00B,basket_all_gap_flow_follow,SELL,-1,UNKNOWN,5271,5276,5273.5,-82.15625,5,-2.5,False,True,0.0,-2.0,-1.5,1.0,-3.0,3.5,-2.5,True,True,False,True,False,True
6500,SUBMISSION,,VEV_4000,XIRECS,1284.0,1,00B,basket_all_gap_flow_follow,BUY,1,UNKNOWN,1263,1284,1273.5,-169.0,21,-10.5,False,True,0.0,-11.0,-11.5,-12.0,-10.0,-16.5,-11.5,True,True,True,True,True,True
6500,,SUBMISSION,VEV_4000,XIRECS,1263.0,1,00B,basket_all_gap_flow_follow,SELL,-1,UNKNOWN,1263,1284,1273.5,-169.0,21,-10.5,False,True,0.0,-10.0,-9.5,-9.0,-11.0,-4.5,-9.5,True,True,True,True,True,True
6600,,SUBMISSION,VELVETFRUIT_EXTRACT,XIRECS,5270.0,1,00B,basket_all_gap_flow_follow,SELL,-1,UNKNOWN,5270,5276,5273.0,-70.015625,6,-3.0,False,True,0.0,-2.5,-2.5,-0.5,-2.5,3.5,-3.5,True,True,True,True,False,True
6700,,SUBMISSION,VELVETFRUIT_EXTRACT,XIRECS,5270.0,1,00B,basket_all_gap_flow_follow,SELL,-1,UNKNOWN,5270,5275,5272.5,-52.625,5,-2.5,False,True,0.0,-2.5,-3.5,-0.5,-3.0,3.5,-3.0,True,True,True,True,False,True
6800,,SUBMISSION,VELVETFRUIT_EXTRACT,XIRECS,5270.0,1,00B,basket_all_gap_flow_follow,SELL,-1,UNKNOWN,5270,5275,5272.5,-58.78125,5,-2.5,False,True,0.0,-3.5,-0.0,-1.0,-1.0,4.5,-3.0,True,False,True,True,False,True
6900,,SUBMISSION,VELVETFRUIT_EXTRACT,XIRECS,5271.0,1,00B,basket_all_gap_flow_follow,SELL,-1,UNKNOWN,5271,5276,5273.5,-94.53125,5,-2.5,False,True,0.0,1.0,0.5,-1.5,-0.5,3.5,-2.5,False,False,True,True,False,True
7000,,SUBMISSION,VELVETFRUIT_EXTRACT,XIRECS,5269.0,1,00B,basket_all_gap_flow_follow,SELL,-1,UNKNOWN,5269,5271,5270.0,-46.28125,2,-1.0,False,True,0.0,-1.5,-1.5,-5.0,-3.0,0.5,-4.5,True,True,True,True,False,True
7100,,SUBMISSION,VELVETFRUIT_EXTRACT,XIRECS,5268.0,1,00B,basket_all_gap_flow_follow,SELL,-1,UNKNOWN,5268,5273,5270.5,6.9375,5,-2.5,False,True,0.0,-2.5,-3.0,-4.5,-2.5,1.0,-5.5,True,True,True,True,False,True
7200,,SUBMISSION,VELVETFRUIT_EXTRACT,XIRECS,5268.0,1,00B,basket_all_gap_flow_follow,SELL,-1,UNKNOWN,5268,5273,5270.5,-4.0625,5,-2.5,False,True,0.0,-3.0,-4.5,-5.0,-2.0,-0.5,-6.5,True,True,True,True,True,True
7300,,SUBMISSION,VELVETFRUIT_EXTRACT,XIRECS,5268.0,1,00B,basket_all_gap_flow_follow,SELL,-1,UNKNOWN,5268,5274,5271.0,-17.6875,6,-3.0,False,True,0.0,-4.5,-6.0,-3.0,-1.5,-0.5,-7.5,True,True,True,True,True,True
7400,,SUBMISSION,VELVETFRUIT_EXTRACT,XIRECS,5270.0,1,00B,basket_all_gap_flow_follow,SELL,-1,UNKNOWN,5270,5275,5272.5,-90.1875,5,-2.5,False,True,0.0,-4.0,-2.5,-1.5,-1.0,3.5,-6.5,True,True,True,True,False,True
7400,,SUBMISSION,VEV_4000,XIRECS,1262.0,1,00B,basket_all_gap_flow_follow,SELL,-1,UNKNOWN,1262,1283,1272.5,-190.0,21,-10.5,False,True,0.0,-12.0,-10.0,-9.5,-9.0,-4.5,-14.5,True,True,True,True,True,True
7500,,SUBMISSION,VELVETFRUIT_EXTRACT,XIRECS,5271.0,1,00B,basket_all_gap_flow_follow,SELL,-1,UNKNOWN,5271,5277,5274.0,-143.296875,6,-3.0,False,True,0.0,-1.5,-2.0,-1.0,-1.0,3.5,-5.5,True,True,True,True,False,True
7600,,SUBMISSION,VELVETFRUIT_EXTRACT,XIRECS,5270.0,1,00B,basket_all_gap_flow_follow,SELL,-1,UNKNOWN,5270,5275,5272.5,-68.5,5,-2.5,False,True,0.0,-3.0,-1.0,-0.5,-0.5,3.5,-5.5,True,True,True,True,False,True
7700,,SUBMISSION,VELVETFRUIT_EXTRACT,XIRECS,5270.0,1,00B,basket_all_gap_flow_follow,SELL,-1,UNKNOWN,5270,5276,5273.0,-107.390625,6,-3.0,False,True,0.0,-1.0,-1.5,-0.0,1.5,5.0,-3.5,True,True,False,False,False,True
7800,,SUBMISSION,VELVETFRUIT_EXTRACT,XIRECS,5268.0,1,00B,basket_all_gap_flow_follow,SELL,-1,UNKNOWN,5268,5274,5271.0,-20.4375,6,-3.0,False,True,0.0,-3.5,-4.0,-1.5,0.5,2.5,-5.5,True,True,True,False,False,True
7800,,SUBMISSION,VEV_4000,XIRECS,1270.0,1,00B,basket_all_gap_flow_follow,SELL,-1,UNKNOWN,1270,1282,1276.0,-198.942138671875,12,-6.0,False,True,0.0,-1.5,-0.5,0.5,2.5,4.5,-3.5,True,True,False,False,False,True
7800,,SUBMISSION,VEV_4500,XIRECS,770.0,1,00B,basket_all_gap_flow_follow,SELL,-1,UNKNOWN,770,779,774.5,-9.942138671875,9,-4.5,False,True,0.0,-1.5,-1.0,0.5,2.0,4.0,-3.5,True,True,False,False,False,True
7800,,SUBMISSION,VEV_5000,XIRECS,273.0,1,00B,basket_all_gap_flow_follow,SELL,-1,UNKNOWN,273,277,275.0,-8.65118408203125,4,-2.0,False,True,0.0,-1.5,-0.5,0.5,2.5,4.5,-3.0,True,True,False,False,False,True
7900,,SUBMISSION,VELVETFRUIT_EXTRACT,XIRECS,5269.0,1,00B,basket_all_gap_flow_follow,SELL,-1,UNKNOWN,5269,5274,5271.5,-57.6875,5,-2.5,False,True,0.0,-3.0,-1.5,-2.0,1.5,2.5,-4.5,True,True,True,False,False,True
8000,,SUBMISSION,VELVETFRUIT_EXTRACT,XIRECS,5271.0,1,00B,basket_all_gap_flow_follow,SELL,-1,UNKNOWN,5271,5273,5272.0,-17.4375,2,-1.0,False,True,0.0,0.5,1.0,-1.0,3.5,5.5,-4.5,False,False,True,False,False,True
8000,SUBMISSION,,VELVETFRUIT_EXTRACT,XIRECS,5272.0,4,00B,basket_all_gap_flow_follow,BUY,1,UNKNOWN,5271,5273,5272.0,-17.4375,2,0.0,False,False,0.0,-1.5,-2.0,0.0,-4.5,-6.5,3.5,True,True,False,True,True,False
8100,,SUBMISSION,VELVETFRUIT_EXTRACT,XIRECS,5268.0,1,00B,basket_all_gap_flow_follow,SELL,-1,UNKNOWN,5268,5273,5270.5,-6.125,5,-2.5,False,True,0.0,-2.0,-1.5,-2.5,3.0,2.0,-6.5,True,True,True,False,False,True
8200,,SUBMISSION,VELVETFRUIT_EXTRACT,XIRECS,5267.0,1,00B,basket_all_gap_flow_follow,SELL,-1,UNKNOWN,5267,5273,5270.0,10.1875,6,-3.0,False,True,0.0,-2.5,-4.0,-1.5,1.0,-0.5,-7.5,True,True,True,False,True,True
8500,SUBMISSION,,VELVETFRUIT_EXTRACT,XIRECS,5272.0,4,00B,basket_all_gap_flow_follow,BUY,1,UNKNOWN,5271,5273,5272.0,-22.671875,2,0.0,False,False,0.0,-1.5,-3.5,-4.5,-8.5,-7.0,1.5,True,True,True,True,True,False
8500,SUBMISSION,,VEV_4000,XIRECS,1281.0,1,00B,basket_all_gap_flow_follow,BUY,1,UNKNOWN,1260,1281,1270.5,-199.274169921875,21,-10.5,False,True,0.0,-10.5,-12.5,-14.0,-17.5,-16.0,-7.5,True,True,True,True,True,True
8500,,SUBMISSION,VEV_4000,XIRECS,1260.0,1,00B,basket_all_gap_flow_follow,SELL,-1,UNKNOWN,1260,1281,1270.5,-199.274169921875,21,-10.5,False,True,0.0,-10.5,-8.5,-7.0,-3.5,-5.0,-13.5,True,True,True,True,True,True
9300,SUBMISSION,,VEV_4000,XIRECS,1276.0,1,00B,basket_all_gap_flow_follow,BUY,1,UNKNOWN,1255,1276,1265.5,-209.82958984375,21,-10.5,False,True,0.0,-11.5,-12.5,-13.5,-15.5,-8.5,-6.0,True,True,True,True,True,True
9300,,SUBMISSION,VEV_4000,XIRECS,1255.0,1,00B,basket_all_gap_flow_follow,SELL,-1,UNKNOWN,1255,1276,1265.5,-209.82958984375,21,-10.5,False,True,0.0,-9.5,-8.5,-7.5,-5.5,-12.5,-15.0,True,True,True,True,True,True
9400,,SUBMISSION,VEV_4000,XIRECS,1254.0,1,00B,basket_all_gap_flow_follow,SELL,-1,UNKNOWN,1254,1275,1264.5,-228.340576171875,21,-10.5,False,True,0.0,-9.5,-8.5,-8.0,-8.0,-12.5,-15.5,True,True,True,True,True,True
9700,SUBMISSION,,VEV_4000,XIRECS,1273.0,1,00B,basket_all_gap_flow_follow,BUY,1,UNKNOWN,1252,1273,1262.5,-233.32568359375,21,-10.5,False,True,0.0,-10.5,-11.0,-11.0,-10.5,-6.5,-5.5,True,True,True,True,True,True
9700,,SUBMISSION,VEV_4000,XIRECS,1252.0,1,00B,basket_all_gap_flow_follow,SELL,-1,UNKNOWN,1252,1273,1262.5,-233.32568359375,21,-10.5,False,True,0.0,-10.5,-10.0,-10.0,-10.5,-14.5,-15.5,True,True,True,True,True,True
9900,SUBMISSION,,VELVETFRUIT_EXTRACT,XIRECS,5262.0,5,00B,basket_all_gap_flow_follow,BUY,1,UNKNOWN,5261,5265,5263.0,326.765625,4,1.0,False,False,0.0,0.5,1.0,0.0,-0.5,5.5,6.5,False,False,False,True,False,False
10200,SUBMISSION,,HYDROGEL_PACK,XIRECS,10018.0,1,00B,basket_all_gap_flow_follow,BUY,1,UNKNOWN,10017,10033,10025.0,0.0,16,7.0,False,False,0.0,7.0,5.0,1.0,4.0,7.0,-5.0,False,False,False,False,False,True
10500,SUBMISSION,,VELVETFRUIT_EXTRACT,XIRECS,5264.0,1,00B,basket_all_gap_flow_follow,BUY,1,UNKNOWN,5259,5264,5261.5,351.21875,5,-2.5,False,True,0.0,-3.0,-1.5,-1.5,3.5,4.5,4.5,True,True,True,False,False,False
10600,SUBMISSION,,VELVETFRUIT_EXTRACT,XIRECS,5264.0,1,00B,basket_all_gap_flow_follow,BUY,1,UNKNOWN,5258,5264,5261.0,358.796875,6,-3.0,False,True,0.0,-1.5,-3.0,0.0,2.5,6.5,3.5,True,True,False,False,False,False
10700,SUBMISSION,,VELVETFRUIT_EXTRACT,XIRECS,5265.0,1,00B,basket_all_gap_flow_follow,BUY,1,UNKNOWN,5260,5265,5262.5,307.375,5,-2.5,False,True,0.0,-4.0,-3.5,-0.5,1.5,5.0,3.5,True,True,True,False,False,False
10800,SUBMISSION,,VELVETFRUIT_EXTRACT,XIRECS,5264.0,1,00B,basket_all_gap_flow_follow,BUY,1,UNKNOWN,5258,5264,5261.0,352.703125,6,-3.0,False,True,0.0,-2.5,-1.5,1.5,1.5,5.5,5.5,True,True,False,False,False,False
10900,SUBMISSION,,VELVETFRUIT_EXTRACT,XIRECS,5264.0,1,00B,basket_all_gap_flow_follow,BUY,1,UNKNOWN,5259,5264,5261.5,334.46875,5,-2.5,False,True,0.0,-1.5,0.0,2.5,3.5,6.5,6.5,True,False,False,False,False,False
11000,SUBMISSION,,VELVETFRUIT_EXTRACT,XIRECS,5265.0,1,00B,basket_all_gap_flow_follow,BUY,1,UNKNOWN,5260,5265,5262.5,293.6875,5,-2.5,False,True,0.0,-1.0,-0.5,2.5,3.5,7.0,5.5,True,True,False,False,False,False
11100,SUBMISSION,,VELVETFRUIT_EXTRACT,XIRECS,5267.0,1,00B,basket_all_gap_flow_follow,BUY,1,UNKNOWN,5261,5267,5264.0,254.984375,6,-3.0,False,True,0.0,-2.5,-1.5,-0.5,0.0,4.5,2.0,True,True,True,False,False,False
11200,,SUBMISSION,HYDROGEL_PACK,XIRECS,10029.0,2,00B,basket_all_gap_flow_follow,SELL,-1,UNKNOWN,10014,10030,10022.0,3.7666015625,16,7.0,False,False,0.0,8.5,8.0,8.0,15.0,1.0,22.0,False,False,False,False,False,False
11200,SUBMISSION,,VELVETFRUIT_EXTRACT,XIRECS,5267.0,1,00B,basket_all_gap_flow_follow,BUY,1,UNKNOWN,5262,5267,5264.5,230.203125,5,-2.5,False,True,0.0,-1.5,-0.5,-0.5,1.5,4.0,2.5,True,True,True,False,False,False
11300,SUBMISSION,,VELVETFRUIT_EXTRACT,XIRECS,5268.0,1,00B,basket_all_gap_flow_follow,BUY,1,UNKNOWN,5263,5268,5265.5,214.828125,5,-2.5,False,True,0.0,-1.5,-0.5,-2.5,0.5,4.5,3.0,True,True,True,False,False,False
11400,SUBMISSION,,VELVETFRUIT_EXTRACT,XIRECS,5269.0,1,00B,basket_all_gap_flow_follow,BUY,1,UNKNOWN,5264,5269,5266.5,164.953125,5,-2.5,False,True,0.0,-1.5,-2.5,-1.5,-2.5,4.0,2.0,True,True,True,True,False,False
11500,SUBMISSION,,VELVETFRUIT_EXTRACT,XIRECS,5270.0,1,00B,basket_all_gap_flow_follow,BUY,1,UNKNOWN,5265,5270,5267.5,152.15625,5,-2.5,False,True,0.0,-3.5,-3.5,-1.5,-2.5,3.5,1.5,True,True,True,True,False,False
11600,SUBMISSION,,VELVETFRUIT_EXTRACT,XIRECS,5269.0,1,00B,basket_all_gap_flow_follow,BUY,1,UNKNOWN,5264,5269,5266.5,169.84375,5,-2.5,False,True,0.0,-2.5,-3.5,-2.0,-2.5,4.5,1.0,True,True,True,True,False,False
11600,SUBMISSION,,VEV_4000,XIRECS,1277.0,1,00B,basket_all_gap_flow_follow,BUY,1,UNKNOWN,1256,1277,1266.5,-266.339599609375,21,-10.5,False,True,0.0,-10.0,-11.5,-8.5,-10.5,-4.0,-5.5,True,True,True,True,True,True
11600,,SUBMISSION,VEV_4000,XIRECS,1256.0,1,00B,basket_all_gap_flow_follow,SELL,-1,UNKNOWN,1256,1277,1266.5,-266.339599609375,21,-10.5,False,True,0.0,-11.0,-9.5,-12.5,-10.5,-17.0,-15.5,True,True,True,True,True,True
11700,SUBMISSION,,VELVETFRUIT_EXTRACT,XIRECS,5269.0,1,00B,basket_all_gap_flow_follow,BUY,1,UNKNOWN,5264,5269,5266.5,156.6484375,5,-2.5,False,True,0.0,-3.5,-1.5,-0.5,-4.0,4.0,2.5,True,True,True,True,False,False
11800,SUBMISSION,,VELVETFRUIT_EXTRACT,XIRECS,5268.0,1,00B,basket_all_gap_flow_follow,BUY,1,UNKNOWN,5263,5268,5265.5,178.828125,5,-2.5,False,True,0.0,-0.5,0.5,0.5,-2.5,5.0,3.0,True,False,False,True,False,False
11900,SUBMISSION,,VELVETFRUIT_EXTRACT,XIRECS,5270.0,1,00B,basket_all_gap_flow_follow,BUY,1,UNKNOWN,5265,5270,5267.5,140.6015625,5,-2.5,False,True,0.0,-1.5,-3.0,-3.5,-3.5,3.5,2.5,True,True,True,True,False,False
11900,SUBMISSION,,VEV_4000,XIRECS,1278.0,1,00B,basket_all_gap_flow_follow,BUY,1,UNKNOWN,1257,1278,1267.5,-290.41796875,21,-10.5,False,True,0.0,-9.5,-9.5,-11.5,-11.5,-4.5,-5.5,True,True,True,True,True,True
12000,SUBMISSION,,VELVETFRUIT_EXTRACT,XIRECS,5271.0,1,00B,basket_all_gap_flow_follow,BUY,1,UNKNOWN,5266,5271,5268.5,115.28125,5,-2.5,False,True,0.0,-4.0,-2.5,-3.5,-5.5,2.5,0.5,True,True,True,True,False,False
12100,SUBMISSION,,VELVETFRUIT_EXTRACT,XIRECS,5268.0,1,00B,basket_all_gap_flow_follow,BUY,1,UNKNOWN,5266,5268,5267.0,110.7109375,2,-1.0,False,True,0.0,0.5,0.5,-1.5,-2.0,5.5,2.5,False,False,True,True,False,False
12200,SUBMISSION,,VELVETFRUIT_EXTRACT,XIRECS,5271.0,1,00B,basket_all_gap_flow_follow,BUY,1,UNKNOWN,5266,5271,5268.5,116.7109375,5,-2.5,False,True,0.0,-2.5,-4.5,-6.0,-3.5,3.5,-0.5,True,True,True,True,False,True
12300,SUBMISSION,,VELVETFRUIT_EXTRACT,XIRECS,5271.0,1,00B,basket_all_gap_flow_follow,BUY,1,UNKNOWN,5266,5271,5268.5,113.5546875,5,-2.5,False,True,0.0,-4.5,-3.5,-5.5,-3.5,4.5,0.5,True,True,True,True,False,False
12400,SUBMISSION,,VELVETFRUIT_EXTRACT,XIRECS,5269.0,1,00B,basket_all_gap_flow_follow,BUY,1,UNKNOWN,5264,5269,5266.5,137.9140625,5,-2.5,False,True,0.0,-1.5,-2.5,-2.5,-2.0,7.5,0.5,True,True,True,True,False,False
12400,SUBMISSION,,VEV_4000,XIRECS,1277.0,1,00B,basket_all_gap_flow_follow,BUY,1,UNKNOWN,1256,1277,1266.5,-299.656982421875,21,-10.5,False,True,0.0,-9.5,-10.5,-10.5,-10.0,-0.5,-7.5,True,True,True,True,True,True
12500,SUBMISSION,,VELVETFRUIT_EXTRACT,XIRECS,5270.0,1,00B,basket_all_gap_flow_follow,BUY,1,UNKNOWN,5265,5270,5267.5,130.421875,5,-2.5,False,True,0.0,-3.5,-5.0,-4.5,-5.0,6.5,-0.5,True,True,True,True,False,True
12600,SUBMISSION,,VELVETFRUIT_EXTRACT,XIRECS,5269.0,1,00B,basket_all_gap_flow_follow,BUY,1,UNKNOWN,5264,5269,5266.5,132.7890625,5,-2.5,False,True,0.0,-4.0,-3.5,-3.0,-3.5,6.5,0.5,True,True,True,True,False,False
12600,SUBMISSION,,VELVETFRUIT_EXTRACT,XIRECS,5265.0,3,00B,basket_all_gap_flow_follow,BUY,1,UNKNOWN,5264,5269,5266.5,132.7890625,5,1.5,False,False,0.0,0.0,0.5,1.0,0.5,10.5,4.5,False,False,False,False,False,False
12600,SUBMISSION,,VEV_4000,XIRECS,1277.0,1,00B,basket_all_gap_flow_follow,BUY,1,UNKNOWN,1256,1277,1266.5,-309.81396484375,21,-10.5,False,True,0.0,-10.5,-11.5,-17.0,-11.5,-1.5,-7.5,True,True,True,True,True,True
12700,SUBMISSION,,VELVETFRUIT_EXTRACT,XIRECS,5266.0,1,00B,basket_all_gap_flow_follow,BUY,1,UNKNOWN,5264,5266,5265.0,139.84375,2,-1.0,False,True,0.0,-0.5,0.5,1.5,-0.5,7.5,2.5,True,False,False,True,False,False
12800,SUBMISSION,,VELVETFRUIT_EXTRACT,XIRECS,5268.0,1,00B,basket_all_gap_flow_follow,BUY,1,UNKNOWN,5263,5268,5265.5,148.1640625,5,-2.5,False,True,0.0,-1.5,-2.5,-0.5,-2.5,5.5,0.0,True,True,True,True,False,False
12900,SUBMISSION,,VELVETFRUIT_EXTRACT,XIRECS,5269.0,1,00B,basket_all_gap_flow_follow,BUY,1,UNKNOWN,5264,5269,5266.5,140.7734375,5,-2.5,False,True,0.0,-3.5,-3.0,-2.0,-2.5,4.5,-1.0,True,True,True,True,False,True
13000,SUBMISSION,,VELVETFRUIT_EXTRACT,XIRECS,5268.0,1,00B,basket_all_gap_flow_follow,BUY,1,UNKNOWN,5263,5268,5265.5,144.51171875,5,-2.5,False,True,0.0,-2.0,-0.5,-3.0,-1.5,7.5,-0.5,True,True,True,True,False,True
13100,SUBMISSION,,VELVETFRUIT_EXTRACT,XIRECS,5269.0,1,00B,basket_all_gap_flow_follow,BUY,1,UNKNOWN,5263,5269,5266.0,138.671875,6,-3.0,False,True,0.0,-1.5,-1.5,-3.5,-2.5,5.5,-2.0,True,True,True,True,False,True
13100,SUBMISSION,,VEV_4000,XIRECS,1265.0,1,00B,basket_all_gap_flow_follow,BUY,1,UNKNOWN,1255,1265,1260.0,-320.0,10,-5.0,False,True,0.0,2.5,2.5,0.5,1.5,9.5,2.0,False,False,False,False,False,False
13100,SUBMISSION,,VEV_4500,XIRECS,765.0,1,00B,basket_all_gap_flow_follow,BUY,1,UNKNOWN,758,765,761.5,-0.808837890625,7,-3.5,False,True,0.0,2.0,3.0,0.5,1.5,9.5,2.0,False,False,False,False,False,False
13100,SUBMISSION,,VEV_5000,XIRECS,268.0,1,00B,basket_all_gap_flow_follow,BUY,1,UNKNOWN,266,268,267.0,0.27752685546875,2,-1.0,False,True,0.0,2.0,2.5,0.5,1.5,9.5,2.0,False,False,False,False,False,False
13100,SUBMISSION,,VEV_5100,XIRECS,177.0,1,00B,basket_all_gap_flow_follow,BUY,1,UNKNOWN,176,177,176.5,0.0,1,-0.5,False,True,0.0,2.0,2.5,0.5,1.5,8.5,1.5,False,False,False,False,False,False
13100,,SUBMISSION,VEV_5400,XIRECS,16.0,1,00B,basket_all_gap_flow_follow,SELL,-1,UNKNOWN,16,18,17.0,0.0,2,-1.0,False,True,0.0,-1.0,-1.5,-1.0,-1.0,-3.0,-1.0,True,True,True,True,True,True
13100,,SUBMISSION,VEV_5500,XIRECS,6.0,1,00B,basket_all_gap_flow_follow,SELL,-1,UNKNOWN,6,7,6.5,0.0,1,-0.5,False,True,0.0,-0.5,-0.5,-0.5,-0.5,-1.5,-0.5,True,True,True,True,True,True
13100,,SUBMISSION,VEV_6000,XIRECS,0.0,1,00B,basket_all_gap_flow_follow,SELL,-1,UNKNOWN,0,1,0.5,0.0,1,-0.5,False,True,0.0,-0.5,-0.5,-0.5,-0.5,-0.5,-0.5,True,True,True,True,True,True
13100,,SUBMISSION,VEV_6500,XIRECS,0.0,1,00B,basket_all_gap_flow_follow,SELL,-1,UNKNOWN,0,1,0.5,0.0,1,-0.5,False,True,0.0,-0.5,-0.5,-0.5,-0.5,-0.5,-0.5,True,True,True,True,True,True
13200,SUBMISSION,,VELVETFRUIT_EXTRACT,XIRECS,5270.0,1,00B,basket_all_gap_flow_follow,BUY,1,UNKNOWN,5265,5270,5267.5,128.09375,5,-2.5,False,True,0.0,-2.5,-3.0,-4.5,-3.5,4.5,-3.5,True,True,True,True,False,True
13300,SUBMISSION,,VELVETFRUIT_EXTRACT,XIRECS,5270.0,1,00B,basket_all_gap_flow_follow,BUY,1,UNKNOWN,5265,5270,5267.5,122.306640625,5,-2.5,False,True,0.0,-3.0,-5.0,-4.5,-2.5,4.5,-5.5,True,True,True,True,False,True
13400,SUBMISSION,,VELVETFRUIT_EXTRACT,XIRECS,5270.0,1,00B,basket_all_gap_flow_follow,BUY,1,UNKNOWN,5264,5270,5267.0,123.34375,6,-3.0,False,True,0.0,-5.0,-4.5,-3.5,-3.5,3.5,-6.5,True,True,True,True,False,True
13500,SUBMISSION,,VELVETFRUIT_EXTRACT,XIRECS,5268.0,1,00B,basket_all_gap_flow_follow,BUY,1,UNKNOWN,5262,5268,5265.0,125.888671875,6,-3.0,False,True,0.0,-2.5,-2.5,-1.5,-2.5,5.5,-4.0,True,True,True,True,False,True
13600,SUBMISSION,,VELVETFRUIT_EXTRACT,XIRECS,5268.0,1,00B,basket_all_gap_flow_follow,BUY,1,UNKNOWN,5263,5268,5265.5,121.9853515625,5,-2.5,False,True,0.0,-2.5,-2.5,-1.5,-4.0,3.5,-5.5,True,True,True,True,False,True
13700,SUBMISSION,,VELVETFRUIT_EXTRACT,XIRECS,5268.0,1,00B,basket_all_gap_flow_follow,BUY,1,UNKNOWN,5263,5268,5265.5,119.8330078125,5,-2.5,False,True,0.0,-2.5,-1.5,-1.5,-1.5,3.5,-4.0,True,True,True,True,False,True
13800,SUBMISSION,,VELVETFRUIT_EXTRACT,XIRECS,5268.0,1,00B,basket_all_gap_flow_follow,BUY,1,UNKNOWN,5263,5268,5265.5,117.0,5,-2.5,False,True,0.0,-1.5,-1.5,-0.5,-1.0,2.5,-4.5,True,True,True,True,False,True
13900,SUBMISSION,,VELVETFRUIT_EXTRACT,XIRECS,5269.0,1,00B,basket_all_gap_flow_follow,BUY,1,UNKNOWN,5264,5269,5266.5,115.59619140625,5,-2.5,False,True,0.0,-2.5,-2.5,-2.5,-1.5,3.5,-4.0,True,True,True,True,False,True
13900,,SUBMISSION,VELVETFRUIT_EXTRACT,XIRECS,5268.0,2,00B,basket_all_gap_flow_follow,SELL,-1,UNKNOWN,5264,5269,5266.5,115.59619140625,5,1.5,False,False,0.0,1.5,1.5,1.5,0.5,-4.5,3.0,False,False,False,False,True,False
13900,SUBMISSION,,VEV_4000,XIRECS,1277.0,1,00B,basket_all_gap_flow_follow,BUY,1,UNKNOWN,1256,1277,1266.5,-318.4036865234375,21,-10.5,False,True,0.0,-10.5,-10.5,-10.5,-10.5,-6.0,-12.0,True,True,True,True,True,True
14000,SUBMISSION,,VELVETFRUIT_EXTRACT,XIRECS,5269.0,1,00B,basket_all_gap_flow_follow,BUY,1,UNKNOWN,5264,5269,5266.5,116.0,5,-2.5,False,True,0.0,-2.5,-2.5,-3.5,-2.5,0.5,-3.5,True,True,True,True,False,True
14100,SUBMISSION,,VELVETFRUIT_EXTRACT,XIRECS,5269.0,1,00B,basket_all_gap_flow_follow,BUY,1,UNKNOWN,5264,5269,5266.5,113.63525390625,5,-2.5,False,True,0.0,-2.5,-1.5,-5.0,-0.5,0.5,-4.5,True,True,True,True,False,True
14200,SUBMISSION,,VELVETFRUIT_EXTRACT,XIRECS,5269.0,1,00B,basket_all_gap_flow_follow,BUY,1,UNKNOWN,5264,5269,5266.5,110.7548828125,5,-2.5,False,True,0.0,-1.5,-2.5,-2.5,-0.5,0.5,-3.5,True,True,True,True,False,True
14300,SUBMISSION,,VELVETFRUIT_EXTRACT,XIRECS,5270.0,1,00B,basket_all_gap_flow_follow,BUY,1,UNKNOWN,5265,5270,5267.5,111.25390625,5,-2.5,False,True,0.0,-3.5,-4.5,-3.0,-1.0,-0.5,-3.5,True,True,True,True,True,True
14300,SUBMISSION,,VEV_4000,XIRECS,1278.0,1,00B,basket_all_gap_flow_follow,BUY,1,UNKNOWN,1257,1278,1267.5,-327.1640625,21,-10.5,False,True,0.0,-11.5,-12.5,-11.0,-9.0,-8.0,-13.0,True,True,True,True,True,True
14300,,SUBMISSION,VEV_4000,XIRECS,1257.0,1,00B,basket_all_gap_flow_follow,SELL,-1,UNKNOWN,1257,1278,1267.5,-327.1640625,21,-10.5,False,True,0.0,-9.5,-8.5,-10.0,-12.0,-13.0,-8.0,True,True,True,True,True,True
14400,SUBMISSION,,VELVETFRUIT_EXTRACT,XIRECS,5269.0,1,00B,basket_all_gap_flow_follow,BUY,1,UNKNOWN,5264,5269,5266.5,105.078125,5,-2.5,False,True,0.0,-3.5,-5.0,-1.5,-0.5,0.5,-2.5,True,True,True,True,False,True
14500,SUBMISSION,,VELVETFRUIT_EXTRACT,XIRECS,5268.0,1,00B,basket_all_gap_flow_follow,BUY,1,UNKNOWN,5263,5268,5265.5,97.5,5,-2.5,False,True,0.0,-4.0,-1.5,-1.5,0.5,0.5,-1.5,True,True,True,False,False,True
14600,SUBMISSION,,VELVETFRUIT_EXTRACT,XIRECS,5267.0,1,00B,basket_all_gap_flow_follow,BUY,1,UNKNOWN,5261,5267,5264.0,85.619140625,6,-3.0,False,True,0.0,-0.5,0.0,1.5,3.5,2.0,-3.0,True,False,False,False,False,True
14700,SUBMISSION,,VELVETFRUIT_EXTRACT,XIRECS,5269.0,1,00B,basket_all_gap_flow_follow,BUY,1,UNKNOWN,5264,5269,5266.5,98.796875,5,-2.5,False,True,0.0,-2.0,-1.5,-0.5,1.0,-3.5,-3.0,True,True,True,False,True,True
14700,,SUBMISSION,VEV_4000,XIRECS,1256.0,1,00B,basket_all_gap_flow_follow,SELL,-1,UNKNOWN,1256,1277,1266.5,-350.486572265625,21,-10.5,False,True,0.0,-11.0,-10.5,-12.5,-14.0,-11.5,-10.0,True,True,True,True,True,True
14800,SUBMISSION,,VELVETFRUIT_EXTRACT,XIRECS,5270.0,1,00B,basket_all_gap_flow_follow,BUY,1,UNKNOWN,5264,5270,5267.0,101.578125,6,-3.0,False,True,0.0,-2.5,-3.5,-1.0,-0.5,-3.5,-4.0,True,True,True,True,True,True
14900,SUBMISSION,,VELVETFRUIT_EXTRACT,XIRECS,5269.0,1,00B,basket_all_gap_flow_follow,BUY,1,UNKNOWN,5266,5269,5267.5,93.91015625,3,-1.5,False,True,0.0,-2.5,-0.5,-0.5,1.5,-0.5,-2.0,True,True,True,False,True,True
14900,SUBMISSION,,VEV_4000,XIRECS,1277.0,1,00B,basket_all_gap_flow_follow,BUY,1,UNKNOWN,1256,1277,1266.5,-360.5655517578125,21,-10.5,False,True,0.0,-10.5,-9.0,-8.5,-6.5,-8.5,-11.0,True,True,True,True,True,True
14900,,SUBMISSION,VEV_4000,XIRECS,1256.0,1,00B,basket_all_gap_flow_follow,SELL,-1,UNKNOWN,1256,1277,1266.5,-360.5655517578125,21,-10.5,False,True,0.0,-10.5,-12.0,-12.5,-14.5,-12.5,-10.0,True,True,True,True,True,True
15000,SUBMISSION,,VELVETFRUIT_EXTRACT,XIRECS,5269.0,1,00B,basket_all_gap_flow_follow,BUY,1,UNKNOWN,5264,5269,5266.5,91.05859375,5,-2.5,False,True,0.0,-0.5,-0.5,-0.5,3.0,0.5,-3.5,True,True,True,False,False,True
15100,SUBMISSION,,VELVETFRUIT_EXTRACT,XIRECS,5271.0,1,00B,basket_all_gap_flow_follow,BUY,1,UNKNOWN,5266,5271,5268.5,107.4140625,5,-2.5,False,True,0.0,-2.5,-2.0,-0.5,0.5,-2.5,-5.0,True,True,True,False,True,True
15100,,SUBMISSION,VEV_5400,XIRECS,17.0,1,00B,basket_all_gap_flow_follow,SELL,-1,UNKNOWN,17,18,17.5,-1.3986740112304688,1,-0.5,False,True,0.0,-0.5,-0.5,-1.0,-1.0,-0.5,-0.0,True,True,True,True,True,False
15100,,SUBMISSION,VEV_5500,XIRECS,6.0,1,00B,basket_all_gap_flow_follow,SELL,-1,UNKNOWN,6,7,6.5,-0.8894772529602051,1,-0.5,False,True,0.0,-1.0,-1.0,-1.5,-1.5,-1.0,-0.5,True,True,True,True,True,True
15100,,SUBMISSION,VEV_6000,XIRECS,0.0,1,00B,basket_all_gap_flow_follow,SELL,-1,UNKNOWN,0,1,0.5,-0.0009493990219198168,1,-0.5,False,True,0.0,-0.5,-0.5,-0.5,-0.5,-0.5,-0.5,True,True,True,True,True,True
15100,,SUBMISSION,VEV_6500,XIRECS,0.0,1,00B,basket_all_gap_flow_follow,SELL,-1,UNKNOWN,0,1,0.5,-1.1700000079883921e-08,1,-0.5,False,True,0.0,-0.5,-0.5,-0.5,-0.5,-0.5,-0.5,True,True,True,True,True,True
15200,SUBMISSION,,VELVETFRUIT_EXTRACT,XIRECS,5271.0,1,00B,basket_all_gap_flow_follow,BUY,1,UNKNOWN,5266,5271,5268.5,109.015625,5,-2.5,False,True,0.0,-2.0,-2.5,-1.0,0.0,-0.5,-4.0,True,True,True,False,True,True
15200,SUBMISSION,,VEV_4000,XIRECS,1279.0,1,00B,basket_all_gap_flow_follow,BUY,1,UNKNOWN,1258,1279,1268.5,-379.4986572265625,21,-10.5,False,True,0.0,-10.0,-10.5,-9.0,-8.0,-9.5,-12.0,True,True,True,True,True,True
15200,,SUBMISSION,VEV_4000,XIRECS,1258.0,1,00B,basket_all_gap_flow_follow,SELL,-1,UNKNOWN,1258,1279,1268.5,-379.4986572265625,21,-10.5,False,True,0.0,-11.0,-10.5,-12.0,-13.0,-11.5,-9.0,True,True,True,True,True,True
15300,SUBMISSION,,VELVETFRUIT_EXTRACT,XIRECS,5272.0,1,00B,basket_all_gap_flow_follow,BUY,1,UNKNOWN,5266,5272,5269.0,112.609375,6,-3.0,False,True,0.0,-3.5,-3.5,-2.5,0.5,-3.5,-6.5,True,True,True,False,True,True
15400,SUBMISSION,,VELVETFRUIT_EXTRACT,XIRECS,5271.0,1,00B,basket_all_gap_flow_follow,BUY,1,UNKNOWN,5266,5271,5268.5,99.6015625,5,-2.5,False,True,0.0,-2.5,-0.5,-0.5,2.0,-1.5,-4.5,True,True,True,False,True,True
15400,,SUBMISSION,VEV_4000,XIRECS,1258.0,1,00B,basket_all_gap_flow_follow,SELL,-1,UNKNOWN,1258,1279,1268.5,-400.7427978515625,21,-10.5,False,True,0.0,-10.0,-12.5,-12.5,-15.0,-11.5,-8.5,True,True,True,True,True,True
15500,SUBMISSION,,VELVETFRUIT_EXTRACT,XIRECS,5271.0,1,00B,basket_all_gap_flow_follow,BUY,1,UNKNOWN,5266,5271,5268.5,94.6953125,5,-2.5,False,True,0.0,-0.5,-1.0,1.0,2.5,-2.5,-4.5,True,True,False,False,True,True
15600,SUBMISSION,,VELVETFRUIT_EXTRACT,XIRECS,5273.0,1,00B,basket_all_gap_flow_follow,BUY,1,UNKNOWN,5268,5273,5270.5,127.8984375,5,-2.5,False,True,0.0,-3.0,-3.5,-1.5,0.5,-5.5,-6.5,True,True,True,False,True,True
15700,,SUBMISSION,HYDROGEL_PACK,XIRECS,10034.0,2,00B,basket_all_gap_flow_follow,SELL,-1,UNKNOWN,10019,10035,10027.0,13.4228515625,16,7.0,False,False,0.0,8.0,10.0,6.0,9.0,27.0,50.0,False,False,False,False,False,False
15900,SUBMISSION,,VEV_4000,XIRECS,1281.0,1,00B,basket_all_gap_flow_follow,BUY,1,UNKNOWN,1260,1281,1270.5,-411.0,21,-10.5,False,True,0.0,-10.5,-9.5,-8.0,-7.5,-16.0,-14.5,True,True,True,True,True,True
15900,,SUBMISSION,VEV_4000,XIRECS,1260.0,1,00B,basket_all_gap_flow_follow,SELL,-1,UNKNOWN,1260,1281,1270.5,-411.0,21,-10.5,False,True,0.0,-10.5,-11.5,-13.0,-13.5,-5.0,-6.5,True,True,True,True,True,True
15900,SUBMISSION,,VEV_4000,XIRECS,1281.0,1,00B,basket_all_gap_flow_follow,BUY,1,UNKNOWN,1260,1281,1270.5,-411.0,21,-10.5,False,True,0.0,-10.5,-9.5,-8.0,-7.5,-16.0,-14.5,True,True,True,True,True,True
16300,,SUBMISSION,VELVETFRUIT_EXTRACT,XIRECS,5274.0,5,00B,basket_all_gap_flow_follow,SELL,-1,UNKNOWN,5270,5275,5272.5,154.8828125,5,1.5,False,False,0.0,1.0,0.5,1.0,-1.5,3.0,8.5,False,False,False,True,False,False
17100,,SUBMISSION,VEV_5400,XIRECS,18.0,1,00B,basket_all_gap_flow_follow,SELL,-1,UNKNOWN,18,19,18.5,-4.243938446044922,1,-0.5,False,True,0.0,-1.0,-1.0,-1.0,-1.0,-0.0,1.0,True,True,True,True,False,False
17100,,SUBMISSION,VEV_5500,XIRECS,7.0,1,00B,basket_all_gap_flow_follow,SELL,-1,UNKNOWN,7,8,7.5,-2.755412101745605,1,-0.5,False,True,0.0,-0.5,-0.5,-0.5,-0.5,-0.5,0.5,True,True,True,True,True,False
17100,,SUBMISSION,VEV_6000,XIRECS,0.0,1,00B,basket_all_gap_flow_follow,SELL,-1,UNKNOWN,0,1,0.5,-0.0021787181030958,1,-0.5,False,True,0.0,-0.5,-0.5,-0.5,-0.5,-0.5,-0.5,True,True,True,True,True,True
17100,,SUBMISSION,VEV_6500,XIRECS,0.0,1,00B,basket_all_gap_flow_follow,SELL,-1,UNKNOWN,0,1,0.5,-2.8800000606565845e-08,1,-0.5,False,True,0.0,-0.5,-0.5,-0.5,-0.5,-0.5,-0.5,True,True,True,True,True,True
17900,SUBMISSION,,VEV_4000,XIRECS,1284.0,1,00B,basket_all_gap_flow_follow,BUY,1,UNKNOWN,1263,1284,1273.5,-439.451904296875,21,-10.5,False,True,0.0,-8.5,-9.5,-10.5,-13.0,-16.0,-20.5,True,True,True,True,True,True
18000,,SUBMISSION,VEV_4000,XIRECS,1265.0,1,00B,basket_all_gap_flow_follow,SELL,-1,UNKNOWN,1265,1286,1275.5,-446.567626953125,21,-10.5,False,True,0.0,-9.5,-9.5,-8.5,-4.5,-2.0,2.5,True,True,True,True,True,False
18300,SUBMISSION,,VEV_4000,XIRECS,1285.0,1,00B,basket_all_gap_flow_follow,BUY,1,UNKNOWN,1264,1285,1274.5,-457.2471923828125,21,-10.5,False,True,0.0,-11.5,-11.5,-14.5,-15.0,-20.5,-18.5,True,True,True,True,True,True
18800,SUBMISSION,,VEV_4000,XIRECS,1281.0,1,00B,basket_all_gap_flow_follow,BUY,1,UNKNOWN,1260,1281,1270.5,-476.33203125,21,-10.5,False,True,0.0,-10.0,-11.5,-11.0,-14.5,-17.5,-15.5,True,True,True,True,True,True
18800,,SUBMISSION,VEV_4000,XIRECS,1260.0,1,00B,basket_all_gap_flow_follow,SELL,-1,UNKNOWN,1260,1281,1270.5,-476.33203125,21,-10.5,False,True,0.0,-11.0,-9.5,-10.0,-6.5,-3.5,-5.5,True,True,True,True,True,True
19100,,SUBMISSION,HYDROGEL_PACK,XIRECS,10019.0,1,00B,basket_all_gap_flow_follow,SELL,-1,UNKNOWN,10004,10020,10012.0,71.46484375,16,7.0,False,False,0.0,4.0,3.0,2.0,4.0,20.0,19.0,False,False,False,False,False,False
19100,,SUBMISSION,VEV_4000,XIRECS,1269.0,1,00B,basket_all_gap_flow_follow,SELL,-1,UNKNOWN,1269,1280,1274.5,-499.710693359375,11,-5.5,False,True,0.0,-0.5,-1.0,-0.0,0.5,4.5,3.0,True,True,False,False,False,False
19100,,SUBMISSION,VEV_4500,XIRECS,769.0,1,00B,basket_all_gap_flow_follow,SELL,-1,UNKNOWN,769,777,773.0,-3.1446533203125,8,-4.0,False,True,0.0,-0.5,-1.0,-0.0,0.5,4.5,3.0,True,True,False,False,False,False
19100,,SUBMISSION,VEV_5000,XIRECS,272.0,1,00B,basket_all_gap_flow_follow,SELL,-1,UNKNOWN,272,275,273.5,-2.051239013671875,3,-1.5,False,True,0.0,-0.5,-1.0,-0.0,0.5,4.0,3.0,True,True,False,False,False,False
19100,,SUBMISSION,VEV_5400,XIRECS,17.0,1,00B,basket_all_gap_flow_follow,SELL,-1,UNKNOWN,17,18,17.5,-1.9049949645996092,1,-0.5,False,True,0.0,-0.5,-0.5,-0.5,-0.5,0.5,-0.0,True,True,True,True,False,False
19100,,SUBMISSION,VEV_5500,XIRECS,6.0,1,00B,basket_all_gap_flow_follow,SELL,-1,UNKNOWN,6,8,7.0,-1.931142807006836,2,-1.0,False,True,0.0,-1.0,-1.0,-1.0,-1.0,-0.5,-0.5,True,True,True,True,True,True
19100,,SUBMISSION,VEV_6000,XIRECS,0.0,1,00B,basket_all_gap_flow_follow,SELL,-1,UNKNOWN,0,1,0.5,-0.0029240550938993,1,-0.5,False,True,0.0,-0.5,-0.5,-0.5,-0.5,-0.5,-0.5,True,True,True,True,True,True
19100,,SUBMISSION,VEV_6500,XIRECS,0.0,1,00B,basket_all_gap_flow_follow,SELL,-1,UNKNOWN,0,1,0.5,-3.7799999574872345e-08,1,-0.5,False,True,0.0,-0.5,-0.5,-0.5,-0.5,-0.5,-0.5,True,True,True,True,True,True
19400,,SUBMISSION,VEV_4000,XIRECS,1259.0,1,00B,basket_all_gap_flow_follow,SELL,-1,UNKNOWN,1259,1280,1269.5,-499.80908203125,21,-10.5,False,True,0.0,-9.5,-10.0,-9.5,-10.5,-7.0,-7.5,True,True,True,True,True,True
19700,,SUBMISSION,VELVETFRUIT_EXTRACT,XIRECS,5265.0,1,00B,basket_all_gap_flow_follow,SELL,-1,UNKNOWN,5265,5266,5265.5,107.5,1,-0.5,False,True,0.0,-1.5,-3.5,-5.5,-3.5,-1.0,0.5,True,True,True,True,True,False
19900,SUBMISSION,,VEV_4000,XIRECS,1279.0,1,00B,basket_all_gap_flow_follow,BUY,1,UNKNOWN,1258,1279,1268.5,-510.0,21,-10.5,False,True,0.0,-9.5,-10.5,-9.5,-14.0,-13.0,-13.5,True,True,True,True,True,True
20200,SUBMISSION,,VELVETFRUIT_EXTRACT,XIRECS,5270.0,1,00B,basket_all_gap_flow_follow,BUY,1,UNKNOWN,5269,5272,5270.5,125.375,3,0.5,False,False,0.0,-1.5,-0.5,-1.5,-0.5,-3.0,-6.5,True,True,True,True,True,True
20800,SUBMISSION,,VEV_4000,XIRECS,1280.0,1,00B,basket_all_gap_flow_follow,BUY,1,UNKNOWN,1259,1280,1269.5,-519.5126953125,21,-10.5,False,True,0.0,-15.0,-9.5,-9.0,-7.5,-14.0,-20.5,True,True,True,True,True,True
20800,,SUBMISSION,VEV_4000,XIRECS,1259.0,1,00B,basket_all_gap_flow_follow,SELL,-1,UNKNOWN,1259,1280,1269.5,-519.5126953125,21,-10.5,False,True,0.0,-6.0,-11.5,-12.0,-13.5,-7.0,-0.5,True,True,True,True,True,True
20900,SUBMISSION,,VEV_4000,XIRECS,1270.0,1,00B,basket_all_gap_flow_follow,BUY,1,UNKNOWN,1260,1270,1265.0,-539.511962890625,10,-5.0,False,True,0.0,0.5,-1.0,1.0,2.5,-3.5,-9.5,False,True,False,False,True,True
20900,,SUBMISSION,VEV_4000,XIRECS,1260.0,1,00B,basket_all_gap_flow_follow,SELL,-1,UNKNOWN,1260,1270,1265.0,-539.511962890625,10,-5.0,False,True,0.0,-10.5,-9.0,-11.0,-12.5,-6.5,-0.5,True,True,True,True,True,True
20900,SUBMISSION,,VEV_4500,XIRECS,770.0,1,00B,basket_all_gap_flow_follow,BUY,1,UNKNOWN,762,770,766.0,-5.97607421875,8,-4.0,False,True,0.0,0.5,-1.0,1.0,2.5,-3.0,-9.5,False,True,False,False,True,True
20900,SUBMISSION,,VEV_5000,XIRECS,273.0,1,00B,basket_all_gap_flow_follow,BUY,1,UNKNOWN,270,273,271.5,-4.6893310546875,3,-1.5,False,True,0.0,0.5,-1.0,1.0,2.5,-3.0,-9.0,False,True,False,False,True,True
20900,SUBMISSION,,VEV_5100,XIRECS,181.0,1,00B,basket_all_gap_flow_follow,BUY,1,UNKNOWN,179,181,180.0,4.6922149658203125,2,-1.0,False,True,0.0,0.5,-0.5,1.0,2.5,-2.5,-8.0,False,True,False,False,True,True
21000,SUBMISSION,,VEV_4000,XIRECS,1281.0,1,00B,basket_all_gap_flow_follow,BUY,1,UNKNOWN,1260,1281,1270.5,-549.377197265625,21,-10.5,False,True,0.0,-12.0,-11.5,-9.5,-9.5,-13.5,-22.5,True,True,True,True,True,True
21000,,SUBMISSION,VEV_4000,XIRECS,1260.0,1,00B,basket_all_gap_flow_follow,SELL,-1,UNKNOWN,1260,1281,1270.5,-549.377197265625,21,-10.5,False,True,0.0,-9.0,-9.5,-11.5,-11.5,-7.5,1.5,True,True,True,True,True,False
21000,,SUBMISSION,VEV_5300,XIRECS,53.0,1,00B,basket_all_gap_flow_follow,SELL,-1,UNKNOWN,53,55,54.0,0.0,2,-1.0,False,True,0.0,-0.0,-0.5,-1.0,-1.5,-0.0,4.0,False,True,True,True,False,False
21100,,SUBMISSION,VEV_5400,XIRECS,17.0,1,00B,basket_all_gap_flow_follow,SELL,-1,UNKNOWN,17,18,17.5,-2.146690368652344,1,-0.5,False,True,0.0,-0.5,-1.0,-1.0,-1.0,-0.0,1.5,True,True,True,True,False,False
21100,,SUBMISSION,VEV_5500,XIRECS,6.0,1,00B,basket_all_gap_flow_follow,SELL,-1,UNKNOWN,6,8,7.0,-2.9449596405029297,2,-1.0,False,True,0.0,-1.0,-1.5,-1.5,-1.5,-0.5,-0.5,True,True,True,True,True,True
21100,,SUBMISSION,VEV_6000,XIRECS,0.0,1,00B,basket_all_gap_flow_follow,SELL,-1,UNKNOWN,0,1,0.5,-0.0037344840820878,1,-0.5,False,True,0.0,-0.5,-0.5,-0.5,-0.5,-0.5,-0.5,True,True,True,True,True,True
21100,,SUBMISSION,VEV_6500,XIRECS,0.0,1,00B,basket_all_gap_flow_follow,SELL,-1,UNKNOWN,0,1,0.5,-5.120000068359332e-08,1,-0.5,False,True,0.0,-0.5,-0.5,-0.5,-0.5,-0.5,-0.5,True,True,True,True,True,True
21300,SUBMISSION,,VELVETFRUIT_EXTRACT,XIRECS,5274.0,1,00B,basket_all_gap_flow_follow,BUY,1,UNKNOWN,5268,5274,5271.0,145.19140625,6,-3.0,False,True,0.0,-3.0,-2.5,-3.0,-2.5,-8.5,-13.5,True,True,True,True,True,True
21400,SUBMISSION,,VELVETFRUIT_EXTRACT,XIRECS,5274.0,1,00B,basket_all_gap_flow_follow,BUY,1,UNKNOWN,5268,5274,5271.0,143.9609375,6,-3.0,False,True,0.0,-2.5,-4.0,-1.5,-4.5,-7.5,-13.0,True,True,True,True,True,True
21500,SUBMISSION,,VELVETFRUIT_EXTRACT,XIRECS,5274.0,1,00B,basket_all_gap_flow_follow,BUY,1,UNKNOWN,5269,5274,5271.5,145.484375,5,-2.5,False,True,0.0,-4.0,-2.5,-2.5,-4.5,-7.5,-12.5,True,True,True,True,True,True
21600,SUBMISSION,,VELVETFRUIT_EXTRACT,XIRECS,5271.0,1,00B,basket_all_gap_flow_follow,BUY,1,UNKNOWN,5269,5271,5270.0,149.140625,2,-1.0,False,True,0.0,0.5,0.0,-0.5,-1.5,-4.5,-9.5,False,False,True,True,True,True
21700,SUBMISSION,,VELVETFRUIT_EXTRACT,XIRECS,5274.0,1,00B,basket_all_gap_flow_follow,BUY,1,UNKNOWN,5269,5274,5271.5,149.09375,5,-2.5,False,True,0.0,-3.0,-1.5,-3.5,-5.5,-6.5,-11.5,True,True,True,True,True,True
21700,SUBMISSION,,VEV_4000,XIRECS,1282.0,1,00B,basket_all_gap_flow_follow,BUY,1,UNKNOWN,1261,1282,1271.5,-569.2440185546875,21,-10.5,False,True,0.0,-9.5,-9.5,-11.5,-13.5,-14.5,-19.5,True,True,True,True,True,True
21800,SUBMISSION,,VELVETFRUIT_EXTRACT,XIRECS,5272.0,1,00B,basket_all_gap_flow_follow,BUY,1,UNKNOWN,5270,5272,5271.0,162.046875,2,-1.0,False,True,0.0,0.5,-0.5,-0.5,-4.0,-4.5,-9.5,False,True,True,True,True,True
21800,SUBMISSION,,VEV_4000,XIRECS,1283.0,1,00B,basket_all_gap_flow_follow,BUY,1,UNKNOWN,1262,1283,1272.5,-577.7001953125,21,-10.5,False,True,0.0,-10.5,-11.5,-13.0,-15.0,-15.5,-20.5,True,True,True,True,True,True
21800,,SUBMISSION,VEV_4000,XIRECS,1262.0,1,00B,basket_all_gap_flow_follow,SELL,-1,UNKNOWN,1262,1283,1272.5,-577.7001953125,21,-10.5,False,True,0.0,-10.5,-9.5,-8.0,-6.0,-5.5,-0.5,True,True,True,True,True,True
21900,SUBMISSION,,VELVETFRUIT_EXTRACT,XIRECS,5275.0,1,00B,basket_all_gap_flow_follow,BUY,1,UNKNOWN,5270,5275,5272.5,162.3671875,5,-2.5,False,True,0.0,-3.5,-4.5,-5.5,-7.0,-7.0,-11.5,True,True,True,True,True,True
21900,SUBMISSION,,VEV_4000,XIRECS,1283.0,1,00B,basket_all_gap_flow_follow,BUY,1,UNKNOWN,1262,1283,1272.5,-598.737060546875,21,-10.5,False,True,0.0,-11.5,-12.5,-13.5,-15.0,-15.0,-19.5,True,True,True,True,True,True
22000,SUBMISSION,,VELVETFRUIT_EXTRACT,XIRECS,5274.0,1,00B,basket_all_gap_flow_follow,BUY,1,UNKNOWN,5269,5274,5271.5,140.4765625,5,-2.5,False,True,0.0,-3.5,-3.5,-4.5,-6.5,-7.5,-9.5,True,True,True,True,True,True
22100,SUBMISSION,,VELVETFRUIT_EXTRACT,XIRECS,5273.0,1,00B,basket_all_gap_flow_follow,BUY,1,UNKNOWN,5268,5273,5270.5,120.34375,5,-2.5,False,True,0.0,-2.5,-1.5,-3.5,-6.0,-7.0,-8.0,True,True,True,True,True,True
22100,SUBMISSION,,VEV_4000,XIRECS,1281.0,1,00B,basket_all_gap_flow_follow,BUY,1,UNKNOWN,1260,1281,1270.5,-614.84765625,21,-10.5,False,True,0.0,-10.5,-11.0,-11.5,-14.0,-15.0,-16.0,True,True,True,True,True,True
22200,SUBMISSION,,VELVETFRUIT_EXTRACT,XIRECS,5273.0,1,00B,basket_all_gap_flow_follow,BUY,1,UNKNOWN,5268,5273,5270.5,107.5234375,5,-2.5,False,True,0.0,-1.5,-3.5,-4.5,-6.5,-8.5,-8.0,True,True,True,True,True,True
22300,SUBMISSION,,VELVETFRUIT_EXTRACT,XIRECS,5273.0,1,00B,basket_all_gap_flow_follow,BUY,1,UNKNOWN,5270,5273,5271.5,101.40625,3,-1.5,False,True,0.0,-3.5,-3.5,-5.0,-8.5,-7.5,-6.5,True,True,True,True,True,True
22400,SUBMISSION,,VELVETFRUIT_EXTRACT,XIRECS,5272.0,1,00B,basket_all_gap_flow_follow,BUY,1,UNKNOWN,5267,5272,5269.5,88.6328125,5,-2.5,False,True,0.0,-2.5,-2.5,-4.0,-8.5,-8.0,-5.5,True,True,True,True,True,True
22500,SUBMISSION,,VELVETFRUIT_EXTRACT,XIRECS,5272.0,1,00B,basket_all_gap_flow_follow,BUY,1,UNKNOWN,5267,5272,5269.5,82.75,5,-2.5,False,True,0.0,-2.5,-3.5,-4.5,-8.0,-7.0,-7.0,True,True,True,True,True,True
22600,SUBMISSION,,VELVETFRUIT_EXTRACT,XIRECS,5272.0,1,00B,basket_all_gap_flow_follow,BUY,1,UNKNOWN,5267,5272,5269.5,77.484375,5,-2.5,False,True,0.0,-3.5,-4.0,-5.0,-9.5,-6.5,-5.5,True,True,True,True,True,True
22700,SUBMISSION,,VELVETFRUIT_EXTRACT,XIRECS,5271.0,1,00B,basket_all_gap_flow_follow,BUY,1,UNKNOWN,5266,5271,5268.5,51.6875,5,-2.5,False,True,0.0,-3.0,-3.0,-4.5,-7.0,-5.5,-4.5,True,True,True,True,True,True
22800,SUBMISSION,,VELVETFRUIT_EXTRACT,XIRECS,5271.0,1,00B,basket_all_gap_flow_follow,BUY,1,UNKNOWN,5265,5271,5268.0,34.140625,6,-3.0,False,True,0.0,-3.0,-3.5,-6.5,-7.5,-6.5,-4.5,True,True,True,True,True,True
22900,SUBMISSION,,VELVETFRUIT_EXTRACT,XIRECS,5271.0,1,00B,basket_all_gap_flow_follow,BUY,1,UNKNOWN,5265,5271,5268.0,34.890625,6,-3.0,False,True,0.0,-3.5,-4.0,-7.5,-6.0,-7.5,-4.5,True,True,True,True,True,True
23000,SUBMISSION,,VELVETFRUIT_EXTRACT,XIRECS,5270.0,1,00B,basket_all_gap_flow_follow,BUY,1,UNKNOWN,5265,5270,5267.5,4.671875,5,-2.5,False,True,0.0,-3.0,-3.5,-6.0,-4.5,-7.5,-1.5,True,True,True,True,True,True
23000,,SUBMISSION,VEV_5300,XIRECS,51.0,1,00B,basket_all_gap_flow_follow,SELL,-1,UNKNOWN,51,54,52.5,0.5647621154785156,3,-1.5,False,True,0.0,-1.5,-1.0,0.5,-1.0,1.0,-2.0,True,True,False,True,False,True
23100,SUBMISSION,,VELVETFRUIT_EXTRACT,XIRECS,5270.0,1,00B,basket_all_gap_flow_follow,BUY,1,UNKNOWN,5264,5270,5267.0,-0.65625,6,-3.0,False,True,0.0,-3.5,-5.5,-7.5,-5.5,-4.5,-2.0,True,True,True,True,True,True
23100,,SUBMISSION,VEV_5400,XIRECS,16.0,1,00B,basket_all_gap_flow_follow,SELL,-1,UNKNOWN,16,18,17.0,-0.498291015625,2,-1.0,False,True,0.0,-1.0,-0.5,-0.5,-0.5,-1.0,-1.5,True,True,True,True,True,True
23100,,SUBMISSION,VEV_5500,XIRECS,6.0,1,00B,basket_all_gap_flow_follow,SELL,-1,UNKNOWN,6,7,6.5,-3.0645065307617188,1,-0.5,False,True,0.0,-0.5,-0.5,-0.5,-0.5,-0.5,-1.0,True,True,True,True,True,True
23100,,SUBMISSION,VEV_6000,XIRECS,0.0,1,00B,basket_all_gap_flow_follow,SELL,-1,UNKNOWN,0,1,0.5,-0.0044994698837399,1,-0.5,False,True,0.0,-0.5,-0.5,-0.5,-0.5,-0.5,-0.5,True,True,True,True,True,True
23100,,SUBMISSION,VEV_6500,XIRECS,0.0,1,00B,basket_all_gap_flow_follow,SELL,-1,UNKNOWN,0,1,0.5,-6.350000347765672e-08,1,-0.5,False,True,0.0,-0.5,-0.5,-0.5,-0.5,-0.5,-0.5,True,True,True,True,True,True
23200,SUBMISSION,,VELVETFRUIT_EXTRACT,XIRECS,5269.0,1,00B,basket_all_gap_flow_follow,BUY,1,UNKNOWN,5264,5269,5266.5,-22.9375,5,-2.5,False,True,0.0,-4.5,-5.5,-5.0,-3.5,-2.5,-1.5,True,True,True,True,True,True
23300,SUBMISSION,,VELVETFRUIT_EXTRACT,XIRECS,5267.0,1,00B,basket_all_gap_flow_follow,BUY,1,UNKNOWN,5262,5267,5264.5,-79.5625,5,-2.5,False,True,0.0,-3.5,-3.0,-3.5,-0.5,-0.5,1.5,True,True,True,True,True,False
23300,SUBMISSION,,VEV_4000,XIRECS,1275.0,1,00B,basket_all_gap_flow_follow,BUY,1,UNKNOWN,1254,1275,1264.5,-649.06982421875,21,-10.5,False,True,0.0,-11.5,-17.0,-11.5,-10.0,-8.5,-6.5,True,True,True,True,True,True
23400,SUBMISSION,,VELVETFRUIT_EXTRACT,XIRECS,5266.0,1,00B,basket_all_gap_flow_follow,BUY,1,UNKNOWN,5261,5266,5263.5,-130.640625,5,-2.5,False,True,0.0,-2.0,-3.5,-1.0,0.5,0.5,1.5,True,True,True,False,False,False
23400,,SUBMISSION,VEV_4000,XIRECS,1253.0,1,00B,basket_all_gap_flow_follow,SELL,-1,UNKNOWN,1253,1274,1263.5,-666.73291015625,21,-10.5,False,True,0.0,-5.0,-9.5,-12.0,-13.0,-13.5,-16.0,True,True,True,True,True,True
23500,SUBMISSION,,VELVETFRUIT_EXTRACT,XIRECS,5267.0,1,00B,basket_all_gap_flow_follow,BUY,1,UNKNOWN,5261,5267,5264.0,-109.625,6,-3.0,False,True,0.0,-4.5,-3.0,-1.5,-0.5,-0.5,1.5,True,True,True,True,True,False
23500,SUBMISSION,,VEV_4000,XIRECS,1263.0,1,00B,basket_all_gap_flow_follow,BUY,1,UNKNOWN,1253,1263,1258.0,-674.19140625,10,-5.0,False,True,0.0,-0.5,1.0,2.5,3.5,3.5,5.5,True,False,False,False,False,False
23500,SUBMISSION,,VEV_4500,XIRECS,763.0,1,00B,basket_all_gap_flow_follow,BUY,1,UNKNOWN,756,763,759.5,1.04779052734375,7,-3.5,False,True,0.0,0.0,1.0,2.0,3.0,4.0,5.5,False,False,False,False,False,False
23500,SUBMISSION,,VEV_5000,XIRECS,267.0,1,00B,basket_all_gap_flow_follow,BUY,1,UNKNOWN,264,267,265.5,1.91741943359375,3,-1.5,False,True,0.0,-1.0,0.0,1.0,2.0,2.5,4.5,True,False,False,False,False,False
23600,SUBMISSION,,VELVETFRUIT_EXTRACT,XIRECS,5265.0,1,00B,basket_all_gap_flow_follow,BUY,1,UNKNOWN,5260,5265,5262.5,-156.25,5,-2.5,False,True,0.0,-1.0,-1.5,-0.5,-1.0,2.0,3.5,True,True,True,True,False,False
23600,SUBMISSION,,VEV_4000,XIRECS,1273.0,1,00B,basket_all_gap_flow_follow,BUY,1,UNKNOWN,1252,1273,1262.5,-679.46484375,21,-10.5,False,True,0.0,-9.0,-9.5,-8.5,-2.5,-6.0,-4.5,True,True,True,True,True,True
23700,SUBMISSION,,VELVETFRUIT_EXTRACT,XIRECS,5267.0,1,00B,basket_all_gap_flow_follow,BUY,1,UNKNOWN,5261,5267,5264.0,-114.0625,6,-3.0,False,True,0.0,-3.5,-2.0,-1.5,-1.0,-0.5,1.5,True,True,True,True,True,False
23800,SUBMISSION,,VELVETFRUIT_EXTRACT,XIRECS,5266.0,1,00B,basket_all_gap_flow_follow,BUY,1,UNKNOWN,5261,5266,5263.5,-124.015625,5,-2.5,False,True,0.0,-1.0,-0.5,0.5,0.0,-0.5,3.0,True,True,False,False,True,False
23900,SUBMISSION,,VELVETFRUIT_EXTRACT,XIRECS,5268.0,1,00B,basket_all_gap_flow_follow,BUY,1,UNKNOWN,5262,5268,5265.0,-75.203125,6,-3.0,False,True,0.0,-2.5,-3.5,-1.5,-1.0,-2.5,2.5,True,True,True,True,True,False
23900,SUBMISSION,,VEV_4000,XIRECS,1276.0,1,00B,basket_all_gap_flow_follow,BUY,1,UNKNOWN,1254,1276,1265.0,-675.3984375,22,-11.0,False,True,0.0,-10.5,-11.5,-10.0,-10.0,-10.5,-5.5,True,True,True,True,True,True
24000,SUBMISSION,,VELVETFRUIT_EXTRACT,XIRECS,5268.0,1,00B,basket_all_gap_flow_follow,BUY,1,UNKNOWN,5263,5268,5265.5,-74.671875,5,-2.5,False,True,0.0,-3.5,-2.5,-1.5,-2.5,-2.5,2.5,True,True,True,True,True,False
24100,SUBMISSION,,VELVETFRUIT_EXTRACT,XIRECS,5267.0,1,00B,basket_all_gap_flow_follow,BUY,1,UNKNOWN,5262,5267,5264.5,-100.0,5,-2.5,False,True,0.0,-1.5,-0.5,-3.0,-1.0,-0.5,4.5,True,True,True,True,True,False
24200,SUBMISSION,,VELVETFRUIT_EXTRACT,XIRECS,5268.0,1,00B,basket_all_gap_flow_follow,BUY,1,UNKNOWN,5263,5268,5265.5,-76.46875,5,-2.5,False,True,0.0,-1.5,-1.5,-2.0,-1.0,-1.5,4.5,True,True,True,True,True,False
24300,SUBMISSION,,VELVETFRUIT_EXTRACT,XIRECS,5268.0,1,00B,basket_all_gap_flow_follow,BUY,1,UNKNOWN,5265,5268,5266.5,-87.90625,3,-1.5,False,True,0.0,-1.5,-1.5,-2.0,-2.5,-2.0,4.5,True,True,True,True,True,False
24600,,SUBMISSION,VEV_4000,XIRECS,1265.0,1,00B,basket_all_gap_flow_follow,SELL,-1,UNKNOWN,1265,1276,1270.5,-685.9560546875,11,-5.5,False,True,0.0,-1.0,-1.0,-1.0,-1.5,-0.0,-5.5,True,True,True,True,False,True
24600,,SUBMISSION,VEV_4500,XIRECS,765.0,1,00B,basket_all_gap_flow_follow,SELL,-1,UNKNOWN,765,773,769.0,2.0,8,-4.0,False,True,0.0,-1.0,-1.0,-1.0,-2.0,-0.0,-5.5,True,True,True,True,False,True
24600,,SUBMISSION,VEV_5000,XIRECS,268.0,1,00B,basket_all_gap_flow_follow,SELL,-1,UNKNOWN,268,271,269.5,2.0,3,-1.5,False,True,0.0,-1.0,-1.0,-1.0,-2.0,-0.0,-5.5,True,True,True,True,False,True
25100,,SUBMISSION,VEV_5400,XIRECS,16.0,1,00B,basket_all_gap_flow_follow,SELL,-1,UNKNOWN,16,18,17.0,-0.0397262573242187,2,-1.0,False,True,0.0,-1.0,-0.5,-1.0,-1.0,-0.5,-1.0,True,True,True,True,True,True
25100,,SUBMISSION,VEV_6000,XIRECS,0.0,1,00B,basket_all_gap_flow_follow,SELL,-1,UNKNOWN,0,1,0.5,-0.0050522098317742,1,-0.5,False,True,0.0,-0.5,-0.5,-0.5,-0.5,-0.5,-0.5,True,True,True,True,True,True
25100,,SUBMISSION,VEV_6500,XIRECS,0.0,1,00B,basket_all_gap_flow_follow,SELL,-1,UNKNOWN,0,1,0.5,-6.900000215637192e-08,1,-0.5,False,True,0.0,-0.5,-0.5,-0.5,-0.5,-0.5,-0.5,True,True,True,True,True,True
25900,SUBMISSION,,VEV_4000,XIRECS,1277.0,1,00B,basket_all_gap_flow_follow,BUY,1,UNKNOWN,1256,1277,1266.5,-676.47265625,21,-10.5,False,True,0.0,-9.5,-9.5,-10.5,-9.0,-16.5,-10.0,True,True,True,True,True,True
26000,SUBMISSION,,VEV_5300,XIRECS,54.0,1,00B,basket_all_gap_flow_follow,BUY,1,UNKNOWN,52,54,53.0,-1.4266128540039062,2,-1.0,False,True,0.0,-1.5,-2.0,-2.0,-2.0,-5.0,-2.0,True,True,True,True,True,True
26100,SUBMISSION,,VEV_4000,XIRECS,1278.0,1,00B,basket_all_gap_flow_follow,BUY,1,UNKNOWN,1257,1278,1267.5,-682.103515625,21,-10.5,False,True,0.0,-12.5,-12.5,-11.5,-12.0,-19.5,-10.0,True,True,True,True,True,True
26100,,SUBMISSION,VEV_4000,XIRECS,1257.0,1,00B,basket_all_gap_flow_follow,SELL,-1,UNKNOWN,1257,1278,1267.5,-682.103515625,21,-10.5,False,True,0.0,-8.5,-8.5,-9.5,-9.0,-1.5,-11.0,True,True,True,True,True,True
26300,,SUBMISSION,VEV_5500,XIRECS,6.0,1,00B,basket_all_gap_flow_follow,SELL,-1,UNKNOWN,6,7,6.5,-3.246265411376953,1,-0.5,False,True,0.0,-0.5,-0.5,-0.5,-0.5,-0.5,-0.5,True,True,True,True,True,True
26500,,SUBMISSION,VELVETFRUIT_EXTRACT,XIRECS,5268.0,4,00B,basket_all_gap_flow_follow,SELL,-1,UNKNOWN,5264,5269,5266.5,-33.984375,5,1.5,False,False,0.0,1.5,0.5,1.5,3.0,6.5,-0.5,False,False,False,False,False,True
26600,SUBMISSION,,VEV_4000,XIRECS,1277.0,1,00B,basket_all_gap_flow_follow,BUY,1,UNKNOWN,1256,1277,1266.5,-709.892578125,21,-10.5,False,True,0.0,-9.5,-9.5,-11.0,-11.5,-15.5,-8.5,True,True,True,True,True,True
26600,,SUBMISSION,VEV_4000,XIRECS,1256.0,1,00B,basket_all_gap_flow_follow,SELL,-1,UNKNOWN,1256,1277,1266.5,-709.892578125,21,-10.5,False,True,0.0,-11.5,-11.5,-10.0,-9.5,-5.5,-12.5,True,True,True,True,True,True
26700,SUBMISSION,,VEV_4000,XIRECS,1278.0,1,00B,basket_all_gap_flow_follow,BUY,1,UNKNOWN,1257,1278,1267.5,-724.6201171875,21,-10.5,False,True,0.0,-10.5,-10.0,-13.5,-12.5,-15.5,-10.5,True,True,True,True,True,True
26700,,SUBMISSION,VEV_4000,XIRECS,1257.0,1,00B,basket_all_gap_flow_follow,SELL,-1,UNKNOWN,1257,1278,1267.5,-724.6201171875,21,-10.5,False,True,0.0,-10.5,-11.0,-7.5,-8.5,-5.5,-10.5,True,True,True,True,True,True
27100,,SUBMISSION,VEV_5400,XIRECS,16.0,1,00B,basket_all_gap_flow_follow,SELL,-1,UNKNOWN,16,18,17.0,-1.342041015625,2,-1.0,False,True,0.0,-0.5,-0.5,-1.0,-1.0,-0.5,-1.0,True,True,True,True,True,True
27100,,SUBMISSION,VEV_6000,XIRECS,0.0,1,00B,basket_all_gap_flow_follow,SELL,-1,UNKNOWN,0,1,0.5,-0.005889365915209,1,-0.5,False,True,0.0,-0.5,-0.5,-0.5,-0.5,-0.5,-0.5,True,True,True,True,True,True
27100,,SUBMISSION,VEV_6500,XIRECS,0.0,1,00B,basket_all_gap_flow_follow,SELL,-1,UNKNOWN,0,1,0.5,-7.839999938141774e-08,1,-0.5,False,True,0.0,-0.5,-0.5,-0.5,-0.5,-0.5,-0.5,True,True,True,True,True,True
27300,,SUBMISSION,VEV_4000,XIRECS,1255.0,1,00B,basket_all_gap_flow_follow,SELL,-1,UNKNOWN,1255,1276,1265.5,-760.1533203125,21,-10.5,False,True,0.0,-9.0,-10.0,-9.5,-11.5,-11.5,-12.5,True,True,True,True,True,True
27800,SUBMISSION,,VEV_4000,XIRECS,1275.0,1,00B,basket_all_gap_flow_follow,BUY,1,UNKNOWN,1254,1275,1264.5,-775.4580078125,21,-10.5,False,True,0.0,-11.5,-12.5,-8.5,-9.5,-8.5,-8.5,True,True,True,True,True,True
27800,,SUBMISSION,VEV_4000,XIRECS,1254.0,1,00B,basket_all_gap_flow_follow,SELL,-1,UNKNOWN,1254,1275,1264.5,-775.4580078125,21,-10.5,False,True,0.0,-9.5,-8.5,-12.5,-11.5,-12.5,-12.5,True,True,True,True,True,True
27900,SUBMISSION,,VEV_4000,XIRECS,1274.0,1,00B,basket_all_gap_flow_follow,BUY,1,UNKNOWN,1253,1274,1263.5,-800.41357421875,21,-10.5,False,True,0.0,-11.5,-8.5,-7.5,-8.5,-7.5,-7.5,True,True,True,True,True,True
28000,SUBMISSION,,VEV_5300,XIRECS,51.0,1,00B,basket_all_gap_flow_follow,BUY,1,UNKNOWN,49,51,50.0,-0.358795166015625,2,-1.0,False,True,0.0,0.5,1.0,1.0,0.5,2.0,1.0,False,False,False,False,False,False
28300,,SUBMISSION,VEV_5500,XIRECS,6.0,1,00B,basket_all_gap_flow_follow,SELL,-1,UNKNOWN,6,7,6.5,-4.320575714111328,1,-0.5,False,True,0.0,-0.5,-0.5,-0.5,-0.5,-0.5,-0.5,True,True,True,True,True,True
28500,,SUBMISSION,VELVETFRUIT_EXTRACT,XIRECS,5264.0,1,00B,basket_all_gap_flow_follow,SELL,-1,UNKNOWN,5264,5269,5266.5,-15.453125,5,-2.5,False,True,0.0,-3.0,-2.5,-1.5,-2.5,-4.5,-3.0,True,True,True,True,True,True
28600,,SUBMISSION,VELVETFRUIT_EXTRACT,XIRECS,5264.0,1,00B,basket_all_gap_flow_follow,SELL,-1,UNKNOWN,5264,5270,5267.0,-4.40625,6,-3.0,False,True,0.0,-2.5,-1.5,-2.5,-1.0,-4.5,-3.0,True,True,True,True,True,True
28700,,SUBMISSION,VELVETFRUIT_EXTRACT,XIRECS,5264.0,1,00B,basket_all_gap_flow_follow,SELL,-1,UNKNOWN,5264,5269,5266.5,-17.453125,5,-2.5,False,True,0.0,-1.5,-1.5,-2.5,-0.5,-4.5,-3.5,True,True,True,True,True,True
28800,,SUBMISSION,VELVETFRUIT_EXTRACT,XIRECS,5263.0,1,00B,basket_all_gap_flow_follow,SELL,-1,UNKNOWN,5263,5268,5265.5,-53.859375,5,-2.5,False,True,0.0,-2.5,-2.5,-3.0,-1.5,-6.0,-4.0,True,True,True,True,True,True
28900,,SUBMISSION,VELVETFRUIT_EXTRACT,XIRECS,5263.0,1,00B,basket_all_gap_flow_follow,SELL,-1,UNKNOWN,5263,5268,5265.5,-58.171875,5,-2.5,False,True,0.0,-2.5,-3.5,-3.5,-2.5,-7.5,-5.5,True,True,True,True,True,True
29000,,SUBMISSION,VELVETFRUIT_EXTRACT,XIRECS,5263.0,1,00B,basket_all_gap_flow_follow,SELL,-1,UNKNOWN,5263,5268,5265.5,-78.59375,5,-2.5,False,True,0.0,-3.5,-3.5,-3.5,-1.5,-7.5,-5.0,True,True,True,True,True,True
29100,,SUBMISSION,VELVETFRUIT_EXTRACT,XIRECS,5264.0,1,00B,basket_all_gap_flow_follow,SELL,-1,UNKNOWN,5264,5269,5266.5,-53.421875,5,-2.5,False,True,0.0,-2.5,-2.0,-1.0,-0.5,-7.5,-3.0,True,True,True,True,True,True
29100,,SUBMISSION,VEV_5400,XIRECS,16.0,1,00B,basket_all_gap_flow_follow,SELL,-1,UNKNOWN,16,18,17.0,-2.636077880859375,2,-1.0,False,True,0.0,-1.0,-1.0,-0.5,-0.5,-2.0,-1.0,True,True,True,True,True,True
29100,,SUBMISSION,VEV_6000,XIRECS,0.0,1,00B,basket_all_gap_flow_follow,SELL,-1,UNKNOWN,0,1,0.5,-0.0067890561185777,1,-0.5,False,True,0.0,-0.5,-0.5,-0.5,-0.5,-0.5,-0.5,True,True,True,True,True,True
29100,,SUBMISSION,VEV_6500,XIRECS,0.0,1,00B,basket_all_gap_flow_follow,SELL,-1,UNKNOWN,0,1,0.5,-9.200000050668677e-08,1,-0.5,False,True,0.0,-0.5,-0.5,-0.5,-0.5,-0.5,-0.5,True,True,True,True,True,True
29200,SUBMISSION,,HYDROGEL_PACK,XIRECS,9994.0,1,00B,basket_all_gap_flow_follow,BUY,1,UNKNOWN,9993,10009,10001.0,121.58203125,16,7.0,False,False,0.0,10.0,11.0,11.0,7.0,14.0,-7.0,False,False,False,False,False,True
29200,,SUBMISSION,VELVETFRUIT_EXTRACT,XIRECS,5264.0,1,00B,basket_all_gap_flow_follow,SELL,-1,UNKNOWN,5264,5269,5266.5,-39.109375,5,-2.5,False,True,0.0,-2.0,-2.5,-0.5,0.5,-8.5,-1.5,True,True,True,False,True,True
29200,SUBMISSION,,VEV_4000,XIRECS,1277.0,1,00B,basket_all_gap_flow_follow,BUY,1,UNKNOWN,1256,1277,1266.5,-790.6484375,21,-10.5,False,True,0.0,-11.0,-10.5,-12.5,-13.5,-4.5,-11.5,True,True,True,True,True,True
29200,,SUBMISSION,VEV_4000,XIRECS,1256.0,1,00B,basket_all_gap_flow_follow,SELL,-1,UNKNOWN,1256,1277,1266.5,-790.6484375,21,-10.5,False,True,0.0,-10.0,-10.5,-8.5,-7.5,-16.5,-9.5,True,True,True,True,True,True
29300,,SUBMISSION,VELVETFRUIT_EXTRACT,XIRECS,5263.0,1,00B,basket_all_gap_flow_follow,SELL,-1,UNKNOWN,5263,5269,5266.0,-62.515625,6,-3.0,False,True,0.0,-3.5,-3.5,-1.5,0.5,-9.5,-1.0,True,True,True,False,True,True
29400,,SUBMISSION,VELVETFRUIT_EXTRACT,XIRECS,5264.0,1,00B,basket_all_gap_flow_follow,SELL,-1,UNKNOWN,5264,5269,5266.5,-55.546875,5,-2.5,False,True,0.0,-2.5,-1.0,-1.5,2.0,-8.0,-0.5,True,True,True,False,True,True
29500,,SUBMISSION,VELVETFRUIT_EXTRACT,XIRECS,5264.0,1,00B,basket_all_gap_flow_follow,SELL,-1,UNKNOWN,5264,5269,5266.5,-54.296875,5,-2.5,False,True,0.0,-1.0,-0.5,-0.5,1.5,-7.5,-0.5,True,True,True,False,True,True
29500,SUBMISSION,,VEV_4000,XIRECS,1266.0,1,00B,basket_all_gap_flow_follow,BUY,1,UNKNOWN,1256,1266,1261.0,-813.17578125,10,-5.0,False,True,0.0,-1.0,-1.5,-2.0,-3.5,5.5,-1.5,True,True,True,True,False,True
29500,SUBMISSION,,VEV_4500,XIRECS,766.0,1,00B,basket_all_gap_flow_follow,BUY,1,UNKNOWN,758,766,762.0,0.5965576171875,8,-4.0,False,True,0.0,-1.0,-1.0,-2.0,-3.0,5.5,-2.0,True,True,True,True,False,True
29500,SUBMISSION,,VEV_5000,XIRECS,269.0,1,00B,basket_all_gap_flow_follow,BUY,1,UNKNOWN,266,269,267.5,0.56573486328125,3,-1.5,False,True,0.0,-1.0,-1.0,-2.0,-3.0,5.0,-2.0,True,True,True,True,False,True
29600,,SUBMISSION,VELVETFRUIT_EXTRACT,XIRECS,5262.0,1,00B,basket_all_gap_flow_follow,SELL,-1,UNKNOWN,5262,5268,5265.0,-96.359375,6,-3.0,False,True,0.0,-2.5,-2.5,-2.5,0.5,-8.5,-2.0,True,True,True,False,True,True
29700,,SUBMISSION,VELVETFRUIT_EXTRACT,XIRECS,5262.0,1,00B,basket_all_gap_flow_follow,SELL,-1,UNKNOWN,5262,5267,5264.5,-102.34375,5,-2.5,False,True,0.0,-2.5,-3.5,-1.5,1.5,-8.5,0.5,True,True,True,False,True,False
29800,,SUBMISSION,VELVETFRUIT_EXTRACT,XIRECS,5262.0,1,00B,basket_all_gap_flow_follow,SELL,-1,UNKNOWN,5262,5267,5264.5,-106.25,5,-2.5,False,True,0.0,-3.5,-2.5,-0.5,2.5,-6.5,1.5,True,True,True,False,True,False
29900,,SUBMISSION,VELVETFRUIT_EXTRACT,XIRECS,5263.0,1,00B,basket_all_gap_flow_follow,SELL,-1,UNKNOWN,5263,5268,5265.5,-98.15625,5,-2.5,False,True,0.0,-1.5,-1.5,1.0,2.5,-5.5,2.5,True,True,False,False,True,False
29900,SUBMISSION,,VEV_4000,XIRECS,1276.0,1,00B,basket_all_gap_flow_follow,BUY,1,UNKNOWN,1255,1276,1265.5,-821.8125,21,-10.5,False,True,0.0,-12.0,-11.5,-14.0,-15.5,-7.5,-15.5,True,True,True,True,True,True
30000,,SUBMISSION,VELVETFRUIT_EXTRACT,XIRECS,5262.0,1,00B,basket_all_gap_flow_follow,SELL,-1,UNKNOWN,5262,5267,5264.5,-128.296875,5,-2.5,False,True,0.0,-2.5,-1.5,-0.5,3.5,-4.5,0.5,True,True,True,False,True,False
30000,SUBMISSION,,VEV_5300,XIRECS,52.0,1,00B,basket_all_gap_flow_follow,BUY,1,UNKNOWN,50,52,51.0,-1.0,2,-1.0,False,True,0.0,-1.0,-1.0,-1.5,-3.0,0.0,-2.0,True,True,True,True,False,True
30100,,SUBMISSION,VELVETFRUIT_EXTRACT,XIRECS,5262.0,1,00B,basket_all_gap_flow_follow,SELL,-1,UNKNOWN,5262,5267,5264.5,-127.8984375,5,-2.5,False,True,0.0,-1.5,-0.5,0.5,3.5,-5.0,1.5,True,True,False,False,True,False
30200,,SUBMISSION,VELVETFRUIT_EXTRACT,XIRECS,5261.0,1,00B,basket_all_gap_flow_follow,SELL,-1,UNKNOWN,5261,5266,5263.5,-150.9609375,5,-2.5,False,True,0.0,-1.5,-1.0,0.5,4.0,-5.5,1.5,True,True,False,False,True,False
30300,,SUBMISSION,VELVETFRUIT_EXTRACT,XIRECS,5260.0,1,00B,basket_all_gap_flow_follow,SELL,-1,UNKNOWN,5260,5265,5262.5,-171.0390625,5,-2.5,False,True,0.0,-2.0,-2.5,0.5,-0.5,-7.5,0.5,True,True,False,True,True,False
30300,,SUBMISSION,VEV_4000,XIRECS,1262.0,1,00B,basket_all_gap_flow_follow,SELL,-1,UNKNOWN,1262,1273,1267.5,-858.16015625,11,-5.5,False,True,0.0,-0.0,-0.5,2.5,1.5,-5.5,2.5,False,True,False,False,True,False
30300,,SUBMISSION,VEV_4500,XIRECS,762.0,1,00B,basket_all_gap_flow_follow,SELL,-1,UNKNOWN,762,771,766.5,1.0,9,-4.5,False,True,0.0,-0.0,-1.0,3.0,1.5,-5.5,3.0,False,True,False,False,True,False
30300,,SUBMISSION,VEV_5000,XIRECS,265.0,1,00B,basket_all_gap_flow_follow,SELL,-1,UNKNOWN,265,269,267.0,1.0,4,-2.0,False,True,0.0,-0.0,-1.0,2.5,1.0,-5.5,2.0,False,True,False,False,True,False
30300,,SUBMISSION,VEV_5500,XIRECS,6.0,1,00B,basket_all_gap_flow_follow,SELL,-1,UNKNOWN,6,7,6.5,-2.207721710205078,1,-0.5,False,True,0.0,-0.5,-0.5,-0.5,-0.5,-0.5,-0.0,True,True,True,True,True,False
30400,,SUBMISSION,VELVETFRUIT_EXTRACT,XIRECS,5259.0,1,00B,basket_all_gap_flow_follow,SELL,-1,UNKNOWN,5259,5265,5262.0,-180.3515625,6,-3.0,False,True,0.0,-3.5,-2.5,-1.5,-2.0,-10.0,0.5,True,True,True,True,True,False
30500,,SUBMISSION,VELVETFRUIT_EXTRACT,XIRECS,5260.0,1,00B,basket_all_gap_flow_follow,SELL,-1,UNKNOWN,5260,5265,5262.5,-168.0703125,5,-2.5,False,True,0.0,-1.5,-0.5,1.5,-1.5,-9.0,2.0,True,True,False,True,True,False
30600,,SUBMISSION,VELVETFRUIT_EXTRACT,XIRECS,5259.0,1,00B,basket_all_gap_flow_follow,SELL,-1,UNKNOWN,5259,5264,5261.5,-198.625,5,-2.5,False,True,0.0,-1.5,-0.5,0.5,-2.5,-11.0,2.0,True,True,False,True,True,False
30700,,SUBMISSION,VELVETFRUIT_EXTRACT,XIRECS,5258.0,1,00B,basket_all_gap_flow_follow,SELL,-1,UNKNOWN,5258,5263,5260.5,-214.71875,5,-2.5,False,True,0.0,-1.5,-2.5,1.0,-4.5,-9.5,3.5,True,True,False,True,True,False
30800,,SUBMISSION,VELVETFRUIT_EXTRACT,XIRECS,5257.0,1,00B,basket_all_gap_flow_follow,SELL,-1,UNKNOWN,5257,5262,5259.5,-238.3203125,5,-2.5,False,True,0.0,-3.5,-1.5,-3.5,-5.5,-9.5,2.0,True,True,True,True,True,False
30900,,SUBMISSION,VELVETFRUIT_EXTRACT,XIRECS,5258.0,1,00B,basket_all_gap_flow_follow,SELL,-1,UNKNOWN,5258,5263,5260.5,-222.7734375,5,-2.5,False,True,0.0,-0.5,-0.5,-3.0,-5.5,-10.0,4.5,True,True,True,True,True,False
30900,SUBMISSION,,VEV_4000,XIRECS,1271.0,1,00B,basket_all_gap_flow_follow,BUY,1,UNKNOWN,1250,1271,1260.5,-874.6787109375,21,-10.5,False,True,0.0,-12.5,-12.5,-10.0,-7.5,-4.0,-17.5,True,True,True,True,True,True
30900,,SUBMISSION,VEV_4000,XIRECS,1250.0,1,00B,basket_all_gap_flow_follow,SELL,-1,UNKNOWN,1250,1271,1260.5,-874.6787109375,21,-10.5,False,True,0.0,-8.5,-8.5,-11.0,-13.5,-17.0,-3.5,True,True,True,True,True,True
31100,SUBMISSION,,VEV_4000,XIRECS,1269.0,1,00B,basket_all_gap_flow_follow,BUY,1,UNKNOWN,1248,1269,1258.5,-908.6220703125,21,-10.5,False,True,0.0,-10.5,-8.5,-7.5,-4.0,-1.0,-15.5,True,True,True,True,True,True
31100,,SUBMISSION,VEV_5400,XIRECS,15.0,1,00B,basket_all_gap_flow_follow,SELL,-1,UNKNOWN,15,16,15.5,9.692642211914062,1,-0.5,False,True,0.0,-0.5,-0.5,-1.0,-1.5,-2.5,0.5,True,True,True,True,True,False
31100,,SUBMISSION,VEV_6000,XIRECS,0.0,1,00B,basket_all_gap_flow_follow,SELL,-1,UNKNOWN,0,1,0.5,-0.0061529581435024,1,-0.5,False,True,0.0,-0.5,-0.5,-0.5,-0.5,-0.5,-0.5,True,True,True,True,True,True
31100,,SUBMISSION,VEV_6500,XIRECS,0.0,1,00B,basket_all_gap_flow_follow,SELL,-1,UNKNOWN,0,1,0.5,-8.477999813294447e-08,1,-0.5,False,True,0.0,-0.5,-0.5,-0.5,-0.5,-0.5,-0.5,True,True,True,True,True,True
31200,,SUBMISSION,VELVETFRUIT_EXTRACT,XIRECS,5257.0,1,00B,basket_all_gap_flow_follow,SELL,-1,UNKNOWN,5256,5258,5257.0,-254.3828125,2,-0.0,False,False,0.0,-3.5,-4.0,-5.5,-8.0,-11.5,4.5,True,True,True,True,True,False
31500,,SUBMISSION,VEV_4000,XIRECS,1251.0,1,00B,basket_all_gap_flow_follow,SELL,-1,UNKNOWN,1251,1272,1261.5,-897.3369140625,21,-10.5,False,True,0.0,-10.5,-11.5,-13.5,-15.5,-17.5,-0.5,True,True,True,True,True,True
31600,SUBMISSION,,VEV_4000,XIRECS,1272.0,1,00B,basket_all_gap_flow_follow,BUY,1,UNKNOWN,1251,1272,1261.5,-905.8828125,21,-10.5,False,True,0.0,-9.5,-9.5,-7.0,-5.5,-3.5,-21.5,True,True,True,True,True,True
31600,,SUBMISSION,VEV_4000,XIRECS,1251.0,1,00B,basket_all_gap_flow_follow,SELL,-1,UNKNOWN,1251,1272,1261.5,-905.8828125,21,-10.5,False,True,0.0,-11.5,-11.5,-14.0,-15.5,-17.5,0.5,True,True,True,True,True,False
31900,SUBMISSION,,VEV_4000,XIRECS,1274.0,1,00B,basket_all_gap_flow_follow,BUY,1,UNKNOWN,1253,1274,1263.5,-909.310546875,21,-10.5,False,True,0.0,-9.5,-9.0,-7.5,-7.5,-8.5,-29.0,True,True,True,True,True,True
32000,SUBMISSION,,VEV_5300,XIRECS,52.0,1,00B,basket_all_gap_flow_follow,BUY,1,UNKNOWN,50,52,51.0,-2.029632568359375,2,-1.0,False,True,0.0,-1.0,-1.0,0.0,1.0,-1.0,-7.0,True,True,False,False,True,True
32300,,SUBMISSION,VEV_5500,XIRECS,6.0,1,00B,basket_all_gap_flow_follow,SELL,-1,UNKNOWN,6,7,6.5,-5.374271392822266,1,-0.5,False,True,0.0,-0.5,-0.5,-0.5,-0.5,-0.5,0.5,True,True,True,True,True,False
32500,,SUBMISSION,VELVETFRUIT_EXTRACT,XIRECS,5265.0,2,00B,basket_all_gap_flow_follow,SELL,-1,UNKNOWN,5264,5266,5265.0,-148.53125,2,-0.0,False,False,0.0,-1.5,-1.5,-3.5,-3.5,-1.5,11.5,True,True,True,True,True,False
33100,,SUBMISSION,VEV_6000,XIRECS,0.0,1,00B,basket_all_gap_flow_follow,SELL,-1,UNKNOWN,0,1,0.5,-0.0086775105446577,1,-0.5,False,True,0.0,-0.5,-0.5,-0.5,-0.5,-0.5,-0.5,True,True,True,True,True,True
33100,,SUBMISSION,VEV_6500,XIRECS,0.0,1,00B,basket_all_gap_flow_follow,SELL,-1,UNKNOWN,0,1,0.5,-1.370000006772898e-07,1,-0.5,False,True,0.0,-0.5,-0.5,-0.5,-0.5,-0.5,-0.5,True,True,True,True,True,True
33300,,SUBMISSION,VELVETFRUIT_EXTRACT,XIRECS,5270.0,3,00B,basket_all_gap_flow_follow,SELL,-1,UNKNOWN,5266,5271,5268.5,-133.9375,5,1.5,False,False,0.0,2.5,1.5,1.0,-2.5,2.5,17.5,False,False,False,True,False,False
33600,SUBMISSION,,VEV_4000,XIRECS,1279.0,1,00B,basket_all_gap_flow_follow,BUY,1,UNKNOWN,1258,1279,1268.5,-876.955078125,21,-10.5,False,True,0.0,-10.5,-10.0,-7.5,-8.5,-12.0,-26.5,True,True,True,True,True,True
33600,,SUBMISSION,VEV_4000,XIRECS,1258.0,1,00B,basket_all_gap_flow_follow,SELL,-1,UNKNOWN,1258,1279,1268.5,-876.955078125,21,-10.5,False,True,0.0,-10.5,-11.0,-13.5,-12.5,-9.0,5.5,True,True,True,True,True,False
33900,SUBMISSION,,VEV_4000,XIRECS,1281.0,1,00B,basket_all_gap_flow_follow,BUY,1,UNKNOWN,1260,1281,1270.5,-881.2861328125,21,-10.5,False,True,0.0,-10.5,-9.5,-9.0,-12.5,-14.0,-30.5,True,True,True,True,True,True
