day;timestamp;product;bid_price_1;bid_volume_1;bid_price_2;bid_volume_2;bid_price_3;bid_volume_3;ask_price_1;ask_volume_1;ask_price_2;ask_volume_2;ask_price_3;ask_volume_3;mid_price;profit_and_loss
-1;0;ASH_COATED_OSMIUM;9982.0;19;;;;;10000.0;12;10003.0;17;;;9991.0;0.0
-1;0;INTARIAN_PEPPER_ROOT;10994.0;7;;;;;11009.0;16;;;;;11001.5;0.0
-1;100;ASH_COATED_OSMIUM;9984.0;12;;;;;10000.0;12;10003.0;18;;;9992.0;0.0
-1;100;INTARIAN_PEPPER_ROOT;10994.0;7;10991.0;18;;;11006.0;7;11009.0;16;;;11000.0;0.0
-1;200;ASH_COATED_OSMIUM;9985.0;13;9982.0;25;;;10001.0;11;;;;;9993.0;0.0
-1;200;INTARIAN_PEPPER_ROOT;;;;;;;11006.0;8;11009.0;18;;;11006.0;0.0
-1;300;ASH_COATED_OSMIUM;9982.0;18;;;;;10003.0;26;;;;;9992.5;0.0
-1;300;INTARIAN_PEPPER_ROOT;10994.0;5;;;;;11009.0;22;;;;;11001.5;0.0
-1;400;ASH_COATED_OSMIUM;9995.0;6;9985.0;11;9983.0;22;10001.0;10;10004.0;21;;;9998.0;0.0
-1;400;INTARIAN_PEPPER_ROOT;10994.0;8;10992.0;14;;;11006.0;7;11009.0;15;;;11000.0;0.0
-1;500;ASH_COATED_OSMIUM;9985.0;7;9983.0;20;;;10001.0;8;10004.0;18;;;9993.0;0.0
-1;500;INTARIAN_PEPPER_ROOT;;;;;;;11009.0;19;;;;;11009.0;0.0
-1;600;ASH_COATED_OSMIUM;9986.0;9;;;;;10002.0;12;10004.0;20;;;9994.0;0.0
-1;600;INTARIAN_PEPPER_ROOT;10995.0;8;10992.0;21;;;11007.0;9;;;;;11001.0;0.0
-1;700;ASH_COATED_OSMIUM;9985.0;8;9983.0;18;;;10001.0;9;10004.0;20;;;9993.0;0.0
-1;700;INTARIAN_PEPPER_ROOT;10995.0;7;;;;;11007.0;5;11009.0;19;;;11001.0;0.0
-1;800;ASH_COATED_OSMIUM;9985.0;10;9983.0;22;;;10004.0;15;;;;;9994.5;0.0
-1;800;INTARIAN_PEPPER_ROOT;10995.0;6;;;;;11007.0;6;11010.0;16;;;11001.0;0.0
-1;900;ASH_COATED_OSMIUM;9985.0;10;9982.0;17;;;10001.0;8;;;;;9993.0;0.0
-1;900;INTARIAN_PEPPER_ROOT;10992.0;18;;;;;11007.0;4;11010.0;19;;;10999.5;0.0
-1;1000;ASH_COATED_OSMIUM;9985.0;12;9983.0;19;;;10001.0;12;10004.0;22;;;9993.0;0.0
-1;1000;INTARIAN_PEPPER_ROOT;10992.0;17;;;;;11007.0;8;11010.0;15;;;10999.5;0.0
-1;1100;ASH_COATED_OSMIUM;9985.0;9;9983.0;22;;;10004.0;26;;;;;9994.5;0.0
-1;1100;INTARIAN_PEPPER_ROOT;10995.0;9;;;;;11007.0;8;;;;;11001.0;0.0
-1;1200;ASH_COATED_OSMIUM;9983.0;22;;;;;10001.0;11;10004.0;26;;;9992.0;0.0
-1;1200;INTARIAN_PEPPER_ROOT;10992.0;18;;;;;11010.0;18;;;;;11001.0;0.0
-1;1300;ASH_COATED_OSMIUM;9985.0;8;9983.0;21;;;10004.0;18;;;;;9994.5;0.0
-1;1300;INTARIAN_PEPPER_ROOT;10995.0;10;;;;;11007.0;11;11010.0;12;;;11001.0;0.0
-1;1400;ASH_COATED_OSMIUM;9985.0;10;9983.0;18;;;10001.0;9;10004.0;21;;;9993.0;0.0
-1;1400;INTARIAN_PEPPER_ROOT;10995.0;7;10993.0;11;;;11007.0;10;;;;;11001.0;0.0
-1;1500;ASH_COATED_OSMIUM;9985.0;10;9983.0;22;;;9991.0;3;10001.0;8;10004.0;23;9988.0;0.0
-1;1500;INTARIAN_PEPPER_ROOT;10995.0;9;10993.0;13;;;11007.0;9;11010.0;11;;;11001.0;0.0
-1;1600;ASH_COATED_OSMIUM;9985.0;12;9983.0;16;;;10004.0;17;;;;;9994.5;0.0
-1;1600;INTARIAN_PEPPER_ROOT;10996.0;6;10993.0;21;;;11008.0;7;11010.0;18;;;11002.0;0.0
-1;1700;ASH_COATED_OSMIUM;9983.0;18;;;;;10001.0;11;;;;;9992.0;0.0
-1;1700;INTARIAN_PEPPER_ROOT;10993.0;14;;;;;11010.0;10;;;;;11001.5;0.0
-1;1800;ASH_COATED_OSMIUM;9986.0;11;9983.0;25;;;9995.0;3;10004.0;25;;;9990.5;0.0
-1;1800;INTARIAN_PEPPER_ROOT;10996.0;7;10993.0;12;;;11008.0;5;11011.0;13;;;11002.0;0.0
-1;1900;ASH_COATED_OSMIUM;;;;;;;10001.0;14;10004.0;23;;;10001.0;0.0
-1;1900;INTARIAN_PEPPER_ROOT;10996.0;8;;;;;11008.0;9;11011.0;19;;;11002.0;0.0
-1;2000;ASH_COATED_OSMIUM;9985.0;9;;;;;10001.0;9;10004.0;18;;;9993.0;0.0
-1;2000;INTARIAN_PEPPER_ROOT;10996.0;11;10993.0;18;;;11008.0;8;11011.0;20;;;11002.0;0.0
-1;2100;ASH_COATED_OSMIUM;9985.0;10;9983.0;18;;;10001.0;10;10004.0;23;;;9993.0;0.0
-1;2100;INTARIAN_PEPPER_ROOT;10996.0;8;10993.0;12;;;11008.0;8;;;;;11002.0;0.0
-1;2200;ASH_COATED_OSMIUM;9985.0;7;;;;;10001.0;7;10004.0;24;;;9993.0;0.0
-1;2200;INTARIAN_PEPPER_ROOT;10996.0;8;10993.0;17;;;11008.0;11;;;;;11002.0;0.0
-1;2300;ASH_COATED_OSMIUM;9985.0;11;9982.0;15;;;10001.0;8;10003.0;15;;;9993.0;0.0
-1;2300;INTARIAN_PEPPER_ROOT;10996.0;7;10994.0;16;;;11008.0;9;;;;;11002.0;0.0
-1;2400;ASH_COATED_OSMIUM;9984.0;9;9982.0;21;;;10003.0;20;;;;;9993.5;0.0
-1;2400;INTARIAN_PEPPER_ROOT;10996.0;6;;;;;11008.0;7;11011.0;18;;;11002.0;0.0
-1;2500;ASH_COATED_OSMIUM;9982.0;16;;;;;10000.0;13;10003.0;21;;;9991.0;0.0
-1;2500;INTARIAN_PEPPER_ROOT;10996.0;10;;;;;11009.0;10;11011.0;13;;;11002.5;0.0
-1;2600;ASH_COATED_OSMIUM;9984.0;11;;;;;10000.0;11;10003.0;15;;;9992.0;0.0
-1;2600;INTARIAN_PEPPER_ROOT;10997.0;5;10994.0;17;;;11009.0;5;;;;;11003.0;0.0
-1;2700;ASH_COATED_OSMIUM;;;;;;;10003.0;20;;;;;10003.0;0.0
-1;2700;INTARIAN_PEPPER_ROOT;10997.0;10;10994.0;17;;;10999.0;6;11011.0;12;;;10998.0;0.0
-1;2800;ASH_COATED_OSMIUM;9985.0;10;9983.0;18;;;10001.0;10;10004.0;18;;;9993.0;0.0
-1;2800;INTARIAN_PEPPER_ROOT;10997.0;8;;;;;11009.0;8;11012.0;20;;;11003.0;0.0
-1;2900;ASH_COATED_OSMIUM;9983.0;17;;;;;10001.0;13;10004.0;17;;;9992.0;0.0
-1;2900;INTARIAN_PEPPER_ROOT;11006.0;6;10994.0;22;;;11009.0;10;11012.0;18;;;11007.5;0.0
-1;3000;ASH_COATED_OSMIUM;9986.0;11;9983.0;24;;;10002.0;11;10004.0;20;;;9994.0;0.0
-1;3000;INTARIAN_PEPPER_ROOT;10994.0;17;;;;;11009.0;7;;;;;11001.5;0.0
-1;3100;ASH_COATED_OSMIUM;9986.0;8;;;;;10004.0;23;;;;;9995.0;0.0
-1;3100;INTARIAN_PEPPER_ROOT;10997.0;10;10994.0;19;;;11009.0;10;;;;;11003.0;0.0
-1;3200;ASH_COATED_OSMIUM;9985.0;11;9983.0;23;;;10001.0;9;;;;;9993.0;0.0
-1;3200;INTARIAN_PEPPER_ROOT;10997.0;8;10994.0;18;;;11009.0;8;11012.0;24;;;11003.0;0.0
-1;3300;ASH_COATED_OSMIUM;9985.0;11;9983.0;23;;;;;;;;;9985.0;0.0
-1;3300;INTARIAN_PEPPER_ROOT;10997.0;9;;;;;11009.0;4;11012.0;15;;;11003.0;0.0
-1;3400;ASH_COATED_OSMIUM;9985.0;7;9983.0;19;;;10001.0;7;10004.0;23;;;9993.0;0.0
-1;3400;INTARIAN_PEPPER_ROOT;10997.0;11;10995.0;18;;;11009.0;11;11012.0;21;;;11003.0;0.0
-1;3500;ASH_COATED_OSMIUM;9985.0;9;;;;;10001.0;10;;;;;9993.0;0.0
-1;3500;INTARIAN_PEPPER_ROOT;10997.0;10;;;;;11010.0;10;11012.0;21;;;11003.5;0.0
-1;3600;ASH_COATED_OSMIUM;9985.0;7;9983.0;22;;;10001.0;9;10004.0;27;;;9993.0;0.0
-1;3600;INTARIAN_PEPPER_ROOT;10998.0;7;;;;;;;;;;;10998.0;0.0
-1;3700;ASH_COATED_OSMIUM;9985.0;12;9983.0;20;;;10001.0;14;10004.0;19;;;9993.0;0.0
-1;3700;INTARIAN_PEPPER_ROOT;10998.0;7;10995.0;21;;;11010.0;7;11012.0;19;;;11004.0;0.0
-1;3800;ASH_COATED_OSMIUM;9991.0;4;9985.0;8;9983.0;20;10004.0;17;;;;;9997.5;0.0
-1;3800;INTARIAN_PEPPER_ROOT;10998.0;9;;;;;11010.0;8;11013.0;16;;;11004.0;0.0
-1;3900;ASH_COATED_OSMIUM;9985.0;11;9983.0;19;;;10001.0;10;10004.0;17;;;9993.0;0.0
-1;3900;INTARIAN_PEPPER_ROOT;10998.0;7;10995.0;19;;;11010.0;8;11013.0;21;;;11004.0;0.0
-1;4000;ASH_COATED_OSMIUM;9986.0;12;9983.0;23;;;10004.0;25;;;;;9995.0;0.0
-1;4000;INTARIAN_PEPPER_ROOT;10998.0;8;10995.0;21;;;11010.0;10;;;;;11004.0;0.0
-1;4100;ASH_COATED_OSMIUM;9991.0;2;9983.0;20;;;10001.0;8;10004.0;20;;;9996.0;0.0
-1;4100;INTARIAN_PEPPER_ROOT;10998.0;7;10995.0;17;;;11010.0;5;;;;;11004.0;0.0
-1;4200;ASH_COATED_OSMIUM;9986.0;9;;;;;10002.0;6;10004.0;20;;;9994.0;0.0
-1;4200;INTARIAN_PEPPER_ROOT;10998.0;9;10995.0;15;;;11013.0;18;;;;;11005.5;0.0
-1;4300;ASH_COATED_OSMIUM;9986.0;10;;;;;10002.0;6;10004.0;21;;;9994.0;0.0
-1;4300;INTARIAN_PEPPER_ROOT;10998.0;10;10996.0;20;;;11010.0;11;11013.0;18;;;11004.0;0.0
-1;4400;ASH_COATED_OSMIUM;9986.0;9;9983.0;16;;;10002.0;8;10004.0;15;;;9994.0;0.0
-1;4400;INTARIAN_PEPPER_ROOT;10998.0;8;10996.0;17;;;11010.0;8;11013.0;17;;;11004.0;0.0
-1;4500;ASH_COATED_OSMIUM;;;;;;;10005.0;21;;;;;10005.0;0.0
-1;4500;INTARIAN_PEPPER_ROOT;10998.0;9;10996.0;11;;;11013.0;14;;;;;11005.5;0.0
-1;4600;ASH_COATED_OSMIUM;9986.0;12;;;;;10002.0;13;10004.0;17;;;9994.0;0.0
-1;4600;INTARIAN_PEPPER_ROOT;10996.0;17;;;;;11011.0;8;11013.0;16;;;11003.5;0.0
-1;4700;ASH_COATED_OSMIUM;9985.0;11;9983.0;23;;;10001.0;11;10004.0;20;;;9993.0;0.0
-1;4700;INTARIAN_PEPPER_ROOT;10999.0;6;10996.0;13;;;11011.0;11;11013.0;13;;;11005.0;0.0
-1;4800;ASH_COATED_OSMIUM;9985.0;7;9983.0;21;;;10001.0;7;;;;;9993.0;0.0
-1;4800;INTARIAN_PEPPER_ROOT;10999.0;8;10996.0;16;;;11007.0;7;;;;;11003.0;0.0
-1;4900;ASH_COATED_OSMIUM;9983.0;20;;;;;10002.0;13;;;;;9992.5;0.0
-1;4900;INTARIAN_PEPPER_ROOT;10999.0;11;10996.0;14;;;11011.0;8;11014.0;10;;;11005.0;0.0
-1;5000;ASH_COATED_OSMIUM;9986.0;8;;;;;10002.0;9;10004.0;21;;;9994.0;0.0
-1;5000;INTARIAN_PEPPER_ROOT;10996.0;18;;;;;11011.0;7;11014.0;17;;;11003.5;0.0
-1;5100;ASH_COATED_OSMIUM;9986.0;10;9983.0;21;;;10002.0;4;10004.0;19;;;9994.0;0.0
-1;5100;INTARIAN_PEPPER_ROOT;10999.0;9;10996.0;17;;;11011.0;9;11014.0;20;;;11005.0;0.0
-1;5200;ASH_COATED_OSMIUM;9986.0;13;;;;;10002.0;11;;;;;9994.0;0.0
-1;5200;INTARIAN_PEPPER_ROOT;;;;;;;11014.0;14;;;;;11014.0;0.0
-1;5300;ASH_COATED_OSMIUM;9986.0;7;9984.0;15;;;10002.0;13;10005.0;17;;;9994.0;0.0
-1;5300;INTARIAN_PEPPER_ROOT;10999.0;7;;;;;11011.0;6;11014.0;15;;;11005.0;0.0
-1;5400;ASH_COATED_OSMIUM;9987.0;11;9984.0;15;;;10005.0;16;;;;;9996.0;0.0
-1;5400;INTARIAN_PEPPER_ROOT;10999.0;6;10997.0;11;;;11011.0;6;11014.0;12;;;11005.0;0.0
-1;5500;ASH_COATED_OSMIUM;9987.0;11;9984.0;25;;;10003.0;13;10005.0;20;;;9995.0;0.0
-1;5500;INTARIAN_PEPPER_ROOT;10997.0;18;;;;;11012.0;8;11014.0;18;;;11004.5;0.0
-1;5600;ASH_COATED_OSMIUM;9987.0;12;9984.0;18;;;10003.0;13;10005.0;19;;;9995.0;0.0
-1;5600;INTARIAN_PEPPER_ROOT;11000.0;8;;;;;11012.0;10;;;;;11006.0;0.0
-1;5700;ASH_COATED_OSMIUM;9987.0;8;9984.0;21;;;10003.0;10;10005.0;23;;;9995.0;0.0
-1;5700;INTARIAN_PEPPER_ROOT;11000.0;6;10997.0;14;;;11002.0;4;11012.0;7;;;11001.0;0.0
-1;5800;ASH_COATED_OSMIUM;9984.0;21;;;;;10002.0;9;;;;;9993.0;0.0
-1;5800;INTARIAN_PEPPER_ROOT;11000.0;7;10997.0;18;;;;;;;;;11000.0;0.0
-1;5900;ASH_COATED_OSMIUM;9986.0;11;9984.0;24;;;10002.0;10;10005.0;22;;;9994.0;0.0
-1;5900;INTARIAN_PEPPER_ROOT;11000.0;8;;;;;11015.0;17;;;;;11007.5;0.0
-1;6000;ASH_COATED_OSMIUM;9986.0;8;9984.0;17;;;10005.0;27;;;;;9995.5;0.0
-1;6000;INTARIAN_PEPPER_ROOT;11000.0;10;10997.0;17;;;11012.0;10;11015.0;15;;;11006.0;0.0
-1;6100;ASH_COATED_OSMIUM;9986.0;10;9984.0;21;;;;;;;;;9986.0;0.0
-1;6100;INTARIAN_PEPPER_ROOT;11000.0;7;10997.0;18;;;11012.0;7;11015.0;21;;;11006.0;0.0
-1;6200;ASH_COATED_OSMIUM;9986.0;6;;;;;10002.0;10;10005.0;17;;;9994.0;0.0
-1;6200;INTARIAN_PEPPER_ROOT;10997.0;14;;;;;11012.0;7;;;;;11004.5;0.0
-1;6300;ASH_COATED_OSMIUM;9986.0;10;9984.0;16;;;10002.0;12;10005.0;18;;;9994.0;0.0
-1;6300;INTARIAN_PEPPER_ROOT;11000.0;8;;;;;11012.0;8;11015.0;20;;;11006.0;0.0
-1;6400;ASH_COATED_OSMIUM;9986.0;8;9984.0;19;;;10002.0;12;10005.0;15;;;9994.0;0.0
-1;6400;INTARIAN_PEPPER_ROOT;11000.0;6;;;;;11012.0;8;11015.0;18;;;11006.0;0.0
-1;6500;ASH_COATED_OSMIUM;9986.0;12;9984.0;18;;;10002.0;9;;;;;9994.0;0.0
-1;6500;INTARIAN_PEPPER_ROOT;11000.0;7;;;;;11013.0;7;11015.0;18;;;11006.5;0.0
-1;6600;ASH_COATED_OSMIUM;9987.0;14;9985.0;23;;;10003.0;15;10006.0;19;;;9995.0;0.0
-1;6600;INTARIAN_PEPPER_ROOT;10998.0;20;;;;;11013.0;9;11015.0;15;;;11005.5;0.0
-1;6700;ASH_COATED_OSMIUM;9987.0;11;9985.0;27;;;10003.0;11;10006.0;26;;;9995.0;0.0
-1;6700;INTARIAN_PEPPER_ROOT;11001.0;7;10998.0;19;;;11013.0;5;11015.0;15;;;11007.0;0.0
-1;6800;ASH_COATED_OSMIUM;9987.0;9;9984.0;27;;;10003.0;10;10005.0;27;;;9995.0;0.0
-1;6800;INTARIAN_PEPPER_ROOT;10998.0;13;;;;;11013.0;9;11016.0;12;;;11005.5;0.0
-1;6900;ASH_COATED_OSMIUM;9992.0;2;9987.0;11;;;10003.0;10;10005.0;20;;;9997.5;0.0
-1;6900;INTARIAN_PEPPER_ROOT;11001.0;7;10998.0;15;;;;;;;;;11001.0;0.0
-1;7000;ASH_COATED_OSMIUM;9987.0;9;9984.0;13;;;10005.0;17;;;;;9996.0;0.0
-1;7000;INTARIAN_PEPPER_ROOT;11001.0;5;10998.0;22;;;11013.0;8;11016.0;19;;;11007.0;0.0
-1;7100;ASH_COATED_OSMIUM;9987.0;12;9984.0;19;;;10003.0;12;10005.0;20;;;9995.0;0.0
-1;7100;INTARIAN_PEPPER_ROOT;11001.0;9;10998.0;13;;;11013.0;11;11016.0;11;;;11007.0;0.0
-1;7200;ASH_COATED_OSMIUM;9992.0;1;9987.0;10;9984.0;17;;;;;;;9992.0;0.0
-1;7200;INTARIAN_PEPPER_ROOT;11001.0;6;;;;;11013.0;6;11016.0;17;;;11007.0;0.0
-1;7300;ASH_COATED_OSMIUM;9987.0;10;;;;;;;;;;;9987.0;0.0
-1;7300;INTARIAN_PEPPER_ROOT;11001.0;7;;;;;;;;;;;11001.0;0.0
-1;7400;ASH_COATED_OSMIUM;9988.0;12;9985.0;19;;;10004.0;11;10006.0;20;;;9996.0;0.0
-1;7400;INTARIAN_PEPPER_ROOT;11001.0;7;10999.0;17;;;;;;;;;11001.0;0.0
-1;7500;ASH_COATED_OSMIUM;9987.0;7;;;;;;;;;;;9987.0;0.0
-1;7500;INTARIAN_PEPPER_ROOT;10999.0;17;;;;;11014.0;5;11016.0;17;;;11006.5;0.0
-1;7600;ASH_COATED_OSMIUM;9987.0;14;9985.0;23;;;9993.0;4;10003.0;11;;;9990.0;0.0
-1;7600;INTARIAN_PEPPER_ROOT;;;;;;;11014.0;7;;;;;11014.0;0.0
-1;7700;ASH_COATED_OSMIUM;9987.0;8;9984.0;19;;;10003.0;7;10005.0;19;;;9995.0;0.0
-1;7700;INTARIAN_PEPPER_ROOT;10999.0;16;;;;;11014.0;7;11016.0;15;;;11006.5;0.0
-1;7800;ASH_COATED_OSMIUM;9987.0;9;9985.0;15;;;10003.0;8;10006.0;17;;;9995.0;0.0
-1;7800;INTARIAN_PEPPER_ROOT;10999.0;14;;;;;11014.0;11;;;;;11006.5;0.0
-1;7900;ASH_COATED_OSMIUM;9987.0;12;9984.0;19;;;10005.0;21;;;;;9996.0;0.0
-1;7900;INTARIAN_PEPPER_ROOT;11002.0;7;10999.0;14;;;11014.0;9;11017.0;19;;;11008.0;0.0
-1;8000;ASH_COATED_OSMIUM;9986.0;8;9984.0;20;;;10002.0;11;10005.0;15;;;9994.0;0.0
-1;8000;INTARIAN_PEPPER_ROOT;11002.0;3;10999.0;18;;;11017.0;18;;;;;11009.5;0.0
-1;8100;ASH_COATED_OSMIUM;9986.0;8;9984.0;22;;;10002.0;8;;;;;9994.0;0.0
-1;8100;INTARIAN_PEPPER_ROOT;11002.0;8;10999.0;16;;;11014.0;8;11017.0;17;;;11008.0;0.0
-1;8200;ASH_COATED_OSMIUM;9986.0;10;9984.0;14;;;10002.0;8;;;;;9994.0;0.0
-1;8200;INTARIAN_PEPPER_ROOT;10999.0;15;;;;;11017.0;17;;;;;11008.0;0.0
-1;8300;ASH_COATED_OSMIUM;9984.0;18;;;;;10003.0;13;10005.0;18;;;9993.5;0.0
-1;8300;INTARIAN_PEPPER_ROOT;11002.0;7;;;;;11014.0;5;11017.0;17;;;11008.0;0.0
-1;8400;ASH_COATED_OSMIUM;9987.0;8;9984.0;18;;;;;;;;;9987.0;0.0
-1;8400;INTARIAN_PEPPER_ROOT;11000.0;17;;;;;11017.0;21;;;;;11008.5;0.0
-1;8500;ASH_COATED_OSMIUM;9987.0;10;;;;;10003.0;12;10006.0;18;;;9995.0;0.0
-1;8500;INTARIAN_PEPPER_ROOT;11002.0;9;11000.0;14;;;11015.0;7;11017.0;14;;;11008.5;0.0
-1;8600;ASH_COATED_OSMIUM;9987.0;10;9985.0;17;;;10003.0;11;10005.0;19;;;9995.0;0.0
-1;8600;INTARIAN_PEPPER_ROOT;11003.0;7;;;;;11015.0;7;11017.0;21;;;11009.0;0.0
-1;8700;ASH_COATED_OSMIUM;9987.0;7;;;;;10003.0;9;;;;;9995.0;0.0
-1;8700;INTARIAN_PEPPER_ROOT;11003.0;7;11000.0;8;;;11015.0;5;11017.0;15;;;11009.0;0.0
-1;8800;ASH_COATED_OSMIUM;9988.0;14;9985.0;19;;;10004.0;11;10006.0;18;;;9996.0;0.0
-1;8800;INTARIAN_PEPPER_ROOT;11000.0;19;;;;;11015.0;10;;;;;11007.5;0.0
-1;8900;ASH_COATED_OSMIUM;9987.0;9;;;;;9997.0;4;10003.0;10;10006.0;21;9992.0;0.0
-1;8900;INTARIAN_PEPPER_ROOT;11003.0;8;;;;;11015.0;7;11018.0;19;;;11009.0;0.0
-1;9000;ASH_COATED_OSMIUM;9985.0;18;;;;;10004.0;10;10006.0;17;;;9994.5;0.0
-1;9000;INTARIAN_PEPPER_ROOT;11000.0;19;;;;;11018.0;17;;;;;11009.0;0.0
-1;9100;ASH_COATED_OSMIUM;9994.0;4;9988.0;9;9986.0;22;10004.0;11;10007.0;21;;;9999.0;0.0
-1;9100;INTARIAN_PEPPER_ROOT;11000.0;17;;;;;11018.0;17;;;;;11009.0;0.0
-1;9200;ASH_COATED_OSMIUM;9986.0;18;;;;;10004.0;10;10007.0;19;;;9995.0;0.0
-1;9200;INTARIAN_PEPPER_ROOT;11003.0;10;11000.0;12;;;11015.0;10;11018.0;13;;;11009.0;0.0
-1;9300;ASH_COATED_OSMIUM;9988.0;7;9985.0;21;;;10004.0;9;10006.0;19;;;9996.0;0.0
-1;9300;INTARIAN_PEPPER_ROOT;11001.0;17;;;;;11015.0;9;11018.0;20;;;11008.0;0.0
-1;9400;ASH_COATED_OSMIUM;9988.0;7;9986.0;26;;;9994.0;9;10004.0;7;10007.0;23;9991.0;0.0
-1;9400;INTARIAN_PEPPER_ROOT;11001.0;23;;;;;11015.0;9;11018.0;16;;;11008.0;0.0
-1;9500;ASH_COATED_OSMIUM;9988.0;14;9986.0;22;;;10004.0;13;10007.0;21;;;9996.0;0.0
-1;9500;INTARIAN_PEPPER_ROOT;11003.0;9;11001.0;18;;;11018.0;13;;;;;11010.5;0.0
-1;9600;ASH_COATED_OSMIUM;9989.0;9;9986.0;25;;;10005.0;8;10007.0;24;;;9997.0;0.0
-1;9600;INTARIAN_PEPPER_ROOT;;;;;;;11016.0;10;11018.0;17;;;11016.0;0.0
-1;9700;ASH_COATED_OSMIUM;9989.0;12;9986.0;23;;;10007.0;20;;;;;9998.0;0.0
-1;9700;INTARIAN_PEPPER_ROOT;11004.0;8;11001.0;20;;;;;;;;;11004.0;0.0
-1;9800;ASH_COATED_OSMIUM;9988.0;11;9986.0;24;;;10004.0;11;10007.0;21;;;9996.0;0.0
-1;9800;INTARIAN_PEPPER_ROOT;11004.0;6;11001.0;12;;;11016.0;5;11019.0;12;;;11010.0;0.0
-1;9900;ASH_COATED_OSMIUM;9989.0;9;9986.0;20;;;10005.0;10;10007.0;23;;;9997.0;0.0
-1;9900;INTARIAN_PEPPER_ROOT;11004.0;12;11001.0;15;;;11016.0;10;;;;;11010.0;0.0
-1;10000;ASH_COATED_OSMIUM;9988.0;13;9986.0;20;;;10007.0;17;;;;;9997.5;0.0
-1;10000;INTARIAN_PEPPER_ROOT;11001.0;9;;;;;11016.0;9;11019.0;16;;;11008.5;0.0
-1;10100;ASH_COATED_OSMIUM;9988.0;7;9986.0;21;;;;;;;;;9988.0;0.0
-1;10100;INTARIAN_PEPPER_ROOT;11004.0;11;11001.0;12;;;11016.0;9;11019.0;12;;;11010.0;0.0
-1;10200;ASH_COATED_OSMIUM;9986.0;20;;;;;10004.0;10;10007.0;22;;;9995.0;0.0
-1;10200;INTARIAN_PEPPER_ROOT;11001.0;17;;;;;11019.0;13;;;;;11010.0;0.0
-1;10300;ASH_COATED_OSMIUM;9986.0;16;;;;;10004.0;10;10007.0;17;;;9995.0;0.0
-1;10300;INTARIAN_PEPPER_ROOT;11004.0;5;11002.0;11;;;11019.0;13;;;;;11011.5;0.0
-1;10400;ASH_COATED_OSMIUM;9986.0;17;;;;;10005.0;8;10007.0;16;;;9995.5;0.0
-1;10400;INTARIAN_PEPPER_ROOT;11004.0;8;11002.0;19;;;11016.0;7;11019.0;19;;;11010.0;0.0
-1;10500;ASH_COATED_OSMIUM;;;;;;;10004.0;6;10007.0;21;;;10004.0;0.0
-1;10500;INTARIAN_PEPPER_ROOT;11002.0;17;;;;;11017.0;7;11019.0;14;;;11009.5;0.0
-1;10600;ASH_COATED_OSMIUM;9989.0;8;9987.0;23;;;10005.0;5;;;;;9997.0;0.0
-1;10600;INTARIAN_PEPPER_ROOT;11002.0;13;;;;;11017.0;9;11019.0;13;;;11009.5;0.0
-1;10700;ASH_COATED_OSMIUM;9998.0;5;9986.0;14;;;;;;;;;9998.0;0.0
-1;10700;INTARIAN_PEPPER_ROOT;11014.0;4;11005.0;11;11002.0;16;11017.0;9;11019.0;19;;;11015.5;0.0
-1;10800;ASH_COATED_OSMIUM;9988.0;9;9986.0;19;;;10004.0;9;10007.0;21;;;9996.0;0.0
-1;10800;INTARIAN_PEPPER_ROOT;11002.0;15;;;;;11017.0;9;11020.0;15;;;11009.5;0.0
-1;10900;ASH_COATED_OSMIUM;9988.0;10;;;;;10004.0;8;10007.0;27;;;9996.0;0.0
-1;10900;INTARIAN_PEPPER_ROOT;11005.0;7;11002.0;15;;;11017.0;8;11020.0;15;;;11011.0;0.0
-1;11000;ASH_COATED_OSMIUM;9988.0;8;9986.0;17;;;9998.0;3;10004.0;11;10007.0;19;9993.0;0.0
-1;11000;INTARIAN_PEPPER_ROOT;11005.0;7;11002.0;14;;;11020.0;15;;;;;11012.5;0.0
-1;11100;ASH_COATED_OSMIUM;;;;;;;10004.0;11;10007.0;22;;;10004.0;0.0
-1;11100;INTARIAN_PEPPER_ROOT;11002.0;14;;;;;11017.0;3;;;;;11009.5;0.0
-1;11200;ASH_COATED_OSMIUM;9989.0;7;9986.0;18;;;;;;;;;9989.0;0.0
-1;11200;INTARIAN_PEPPER_ROOT;11002.0;22;;;;;11017.0;4;;;;;11009.5;0.0
-1;11300;ASH_COATED_OSMIUM;9989.0;8;9986.0;24;;;10005.0;10;10007.0;23;;;9997.0;0.0
-1;11300;INTARIAN_PEPPER_ROOT;11005.0;8;11003.0;14;;;11017.0;9;11020.0;14;;;11011.0;0.0
-1;11400;ASH_COATED_OSMIUM;9989.0;13;9986.0;16;;;10005.0;11;10007.0;14;;;9997.0;0.0
-1;11400;INTARIAN_PEPPER_ROOT;11005.0;9;11003.0;16;;;11017.0;6;;;;;11011.0;0.0
-1;11500;ASH_COATED_OSMIUM;9989.0;12;9986.0;22;;;10007.0;22;;;;;9998.0;0.0
-1;11500;INTARIAN_PEPPER_ROOT;11003.0;21;;;;;11020.0;16;;;;;11011.5;0.0
-1;11600;ASH_COATED_OSMIUM;9987.0;21;;;;;10008.0;22;;;;;9997.5;0.0
-1;11600;INTARIAN_PEPPER_ROOT;11006.0;10;11003.0;19;;;11018.0;11;11020.0;18;;;11012.0;0.0
-1;11700;ASH_COATED_OSMIUM;9989.0;13;9987.0;16;;;10005.0;13;;;;;9997.0;0.0
-1;11700;INTARIAN_PEPPER_ROOT;11006.0;7;11003.0;14;;;11018.0;8;11020.0;16;;;11012.0;0.0
-1;11800;ASH_COATED_OSMIUM;9989.0;10;;;;;10005.0;11;10008.0;22;;;9997.0;0.0
-1;11800;INTARIAN_PEPPER_ROOT;11006.0;7;11003.0;14;;;11018.0;6;11021.0;12;;;11012.0;0.0
-1;11900;ASH_COATED_OSMIUM;9989.0;9;9986.0;17;;;10005.0;8;10007.0;17;;;9997.0;0.0
-1;11900;INTARIAN_PEPPER_ROOT;11006.0;8;11003.0;16;;;11018.0;6;11021.0;18;;;11012.0;0.0
-1;12000;ASH_COATED_OSMIUM;9989.0;6;9987.0;19;;;10005.0;8;10008.0;19;;;9997.0;0.0
-1;12000;INTARIAN_PEPPER_ROOT;11006.0;9;11003.0;22;;;11018.0;8;11021.0;20;;;11012.0;0.0
-1;12100;ASH_COATED_OSMIUM;9989.0;12;9987.0;19;;;10008.0;14;;;;;9998.5;0.0
-1;12100;INTARIAN_PEPPER_ROOT;11006.0;10;11003.0;20;;;11018.0;11;11021.0;17;;;11012.0;0.0
-1;12200;ASH_COATED_OSMIUM;9989.0;7;;;;;10005.0;10;10007.0;20;;;9997.0;0.0
-1;12200;INTARIAN_PEPPER_ROOT;11006.0;10;11003.0;18;;;11018.0;8;;;;;11012.0;0.0
-1;12300;ASH_COATED_OSMIUM;9989.0;9;9986.0;16;;;;;;;;;9989.0;0.0
-1;12300;INTARIAN_PEPPER_ROOT;11006.0;7;11004.0;19;;;11018.0;9;11021.0;14;;;11012.0;0.0
-1;12400;ASH_COATED_OSMIUM;9989.0;10;9987.0;24;;;10005.0;12;10008.0;25;;;9997.0;0.0
-1;12400;INTARIAN_PEPPER_ROOT;11006.0;8;11004.0;23;;;;;;;;;11006.0;0.0
-1;12500;ASH_COATED_OSMIUM;9989.0;12;9986.0;18;;;10005.0;14;10007.0;20;;;9997.0;0.0
-1;12500;INTARIAN_PEPPER_ROOT;11006.0;6;11004.0;14;;;11019.0;7;11021.0;14;;;11012.5;0.0
-1;12600;ASH_COATED_OSMIUM;9989.0;9;9987.0;26;;;10005.0;8;10008.0;21;;;9997.0;0.0
-1;12600;INTARIAN_PEPPER_ROOT;11007.0;8;11004.0;13;;;11009.0;2;11019.0;7;11021.0;13;11008.0;0.0
-1;12700;ASH_COATED_OSMIUM;9986.0;20;;;;;10005.0;11;;;;;9995.5;0.0
-1;12700;INTARIAN_PEPPER_ROOT;11004.0;14;;;;;11019.0;7;11021.0;16;;;11011.5;0.0
-1;12800;ASH_COATED_OSMIUM;9987.0;17;;;;;10005.0;13;10008.0;20;;;9996.0;0.0
-1;12800;INTARIAN_PEPPER_ROOT;11007.0;9;11004.0;14;;;11019.0;11;11022.0;18;;;11013.0;0.0
-1;12900;ASH_COATED_OSMIUM;9989.0;9;;;;;10005.0;10;10007.0;24;;;9997.0;0.0
-1;12900;INTARIAN_PEPPER_ROOT;11004.0;15;;;;;11019.0;10;11022.0;15;;;11011.5;0.0
-1;13000;ASH_COATED_OSMIUM;9989.0;8;9986.0;19;;;10005.0;11;10007.0;23;;;9997.0;0.0
-1;13000;INTARIAN_PEPPER_ROOT;11007.0;8;11004.0;17;;;11019.0;9;11022.0;16;;;11013.0;0.0
-1;13100;ASH_COATED_OSMIUM;9989.0;14;9986.0;18;;;10007.0;19;;;;;9998.0;0.0
-1;13100;INTARIAN_PEPPER_ROOT;11007.0;11;11004.0;15;;;11022.0;8;;;;;11014.5;0.0
-1;13200;ASH_COATED_OSMIUM;9987.0;18;;;;;10005.0;10;10008.0;18;;;9996.0;0.0
-1;13200;INTARIAN_PEPPER_ROOT;11007.0;11;11004.0;16;;;11019.0;8;11022.0;15;;;11013.0;0.0
-1;13300;ASH_COATED_OSMIUM;9989.0;12;9987.0;25;;;10005.0;13;10008.0;26;;;9997.0;0.0
-1;13300;INTARIAN_PEPPER_ROOT;11007.0;9;11005.0;19;;;11019.0;8;11022.0;18;;;11013.0;0.0
-1;13400;ASH_COATED_OSMIUM;9989.0;11;9987.0;23;;;10005.0;10;10008.0;23;;;9997.0;0.0
-1;13400;INTARIAN_PEPPER_ROOT;11007.0;6;11005.0;21;;;11019.0;5;;;;;11013.0;0.0
-1;13500;ASH_COATED_OSMIUM;9989.0;12;9986.0;17;;;10005.0;13;10007.0;16;;;9997.0;0.0
-1;13500;INTARIAN_PEPPER_ROOT;11007.0;7;11005.0;18;;;11020.0;8;11022.0;16;;;11013.5;0.0
-1;13600;ASH_COATED_OSMIUM;9989.0;8;;;;;10005.0;8;10007.0;23;;;9997.0;0.0
-1;13600;INTARIAN_PEPPER_ROOT;11008.0;9;11005.0;18;;;11020.0;8;11022.0;17;;;11014.0;0.0
-1;13700;ASH_COATED_OSMIUM;9989.0;8;9986.0;21;;;10005.0;8;10007.0;20;;;9997.0;0.0
-1;13700;INTARIAN_PEPPER_ROOT;11008.0;9;11005.0;10;;;11020.0;11;11022.0;16;;;11014.0;0.0
-1;13800;ASH_COATED_OSMIUM;9989.0;10;9987.0;16;;;10005.0;9;10008.0;23;;;9997.0;0.0
-1;13800;INTARIAN_PEPPER_ROOT;11008.0;10;11005.0;13;;;11020.0;9;11023.0;12;;;11014.0;0.0
-1;13900;ASH_COATED_OSMIUM;9990.0;8;9987.0;17;;;10006.0;11;;;;;9998.0;0.0
-1;13900;INTARIAN_PEPPER_ROOT;11017.0;2;11008.0;11;11005.0;11;11020.0;11;11023.0;12;;;11018.5;0.0
-1;14000;ASH_COATED_OSMIUM;9988.0;19;;;;;;;;;;;9988.0;0.0
-1;14000;INTARIAN_PEPPER_ROOT;11008.0;7;11005.0;17;;;11020.0;5;11023.0;15;;;11014.0;0.0
-1;14100;ASH_COATED_OSMIUM;9996.0;3;9990.0;11;9988.0;20;10006.0;13;10009.0;25;;;10001.0;0.0
-1;14100;INTARIAN_PEPPER_ROOT;11008.0;6;11005.0;15;;;11020.0;8;11023.0;12;;;11014.0;0.0
-1;14200;ASH_COATED_OSMIUM;9987.0;20;;;;;10006.0;13;;;;;9996.5;0.0
-1;14200;INTARIAN_PEPPER_ROOT;11008.0;9;11005.0;17;;;11020.0;9;11023.0;22;;;11014.0;0.0
-1;14300;ASH_COATED_OSMIUM;9990.0;11;9988.0;25;;;10006.0;11;10009.0;20;;;9998.0;0.0
-1;14300;INTARIAN_PEPPER_ROOT;11008.0;10;11006.0;15;;;11020.0;10;11023.0;14;;;11014.0;0.0
-1;14400;ASH_COATED_OSMIUM;9988.0;21;;;;;10007.0;7;10009.0;18;;;9997.5;0.0
-1;14400;INTARIAN_PEPPER_ROOT;11008.0;7;;;;;11016.0;10;11020.0;6;11023.0;18;11012.0;0.0
-1;14500;ASH_COATED_OSMIUM;9991.0;9;9989.0;14;;;10001.0;4;10007.0;9;10010.0;19;9996.0;0.0
-1;14500;INTARIAN_PEPPER_ROOT;11008.0;10;11006.0;13;;;11021.0;7;11023.0;17;;;11014.5;0.0
-1;14600;ASH_COATED_OSMIUM;9989.0;22;;;;;10010.0;21;;;;;9999.5;0.0
-1;14600;INTARIAN_PEPPER_ROOT;11009.0;11;11006.0;17;;;11023.0;16;;;;;11016.0;0.0
-1;14700;ASH_COATED_OSMIUM;9989.0;22;;;;;10001.0;2;10007.0;10;10010.0;24;9995.0;0.0
-1;14700;INTARIAN_PEPPER_ROOT;11009.0;8;11006.0;14;;;11023.0;11;;;;;11016.0;0.0
-1;14800;ASH_COATED_OSMIUM;9992.0;11;9989.0;19;;;10008.0;11;10010.0;20;;;10000.0;0.0
-1;14800;INTARIAN_PEPPER_ROOT;11009.0;8;11006.0;18;;;11021.0;7;11024.0;15;;;11015.0;0.0
-1;14900;ASH_COATED_OSMIUM;9991.0;10;9989.0;15;;;10007.0;12;10010.0;17;;;9999.0;0.0
-1;14900;INTARIAN_PEPPER_ROOT;11009.0;8;11006.0;13;;;11021.0;9;11024.0;14;;;11015.0;0.0
-1;15000;ASH_COATED_OSMIUM;9992.0;9;;;;;10001.0;1;10008.0;9;10010.0;22;9996.5;0.0
-1;15000;INTARIAN_PEPPER_ROOT;11009.0;9;11006.0;14;;;11021.0;9;11024.0;13;;;11015.0;0.0
-1;15100;ASH_COATED_OSMIUM;9992.0;10;9990.0;19;;;10011.0;18;;;;;10001.5;0.0
-1;15100;INTARIAN_PEPPER_ROOT;11009.0;8;11006.0;15;;;;;;;;;11009.0;0.0
-1;15200;ASH_COATED_OSMIUM;9992.0;7;9990.0;21;;;10008.0;6;10011.0;21;;;10000.0;0.0
-1;15200;INTARIAN_PEPPER_ROOT;11009.0;10;;;;;11021.0;8;11024.0;16;;;11015.0;0.0
-1;15300;ASH_COATED_OSMIUM;9993.0;10;9990.0;17;;;10009.0;10;10011.0;17;;;10001.0;0.0
-1;15300;INTARIAN_PEPPER_ROOT;11009.0;6;11007.0;21;;;11021.0;8;11024.0;19;;;11015.0;0.0
-1;15400;ASH_COATED_OSMIUM;9990.0;16;;;;;10009.0;11;;;;;9999.5;0.0
-1;15400;INTARIAN_PEPPER_ROOT;11009.0;7;11007.0;18;;;11021.0;8;11024.0;20;;;11015.0;0.0
-1;15500;ASH_COATED_OSMIUM;10002.0;7;9992.0;8;9990.0;16;10008.0;7;10011.0;18;;;10005.0;0.0
-1;15500;INTARIAN_PEPPER_ROOT;11007.0;12;;;;;11022.0;11;11024.0;12;;;11014.5;0.0
-1;15600;ASH_COATED_OSMIUM;9992.0;9;9990.0;19;;;10011.0;18;;;;;10001.5;0.0
-1;15600;INTARIAN_PEPPER_ROOT;11010.0;7;11007.0;16;;;11022.0;7;11024.0;19;;;11016.0;0.0
-1;15700;ASH_COATED_OSMIUM;9993.0;12;9990.0;16;;;10009.0;11;10011.0;11;;;10001.0;0.0
-1;15700;INTARIAN_PEPPER_ROOT;11010.0;7;11007.0;17;;;11022.0;7;;;;;11016.0;0.0
-1;15800;ASH_COATED_OSMIUM;9990.0;17;;;;;10008.0;12;10011.0;19;;;9999.0;0.0
-1;15800;INTARIAN_PEPPER_ROOT;11010.0;6;11007.0;16;;;11022.0;5;11025.0;10;;;11016.0;0.0
-1;15900;ASH_COATED_OSMIUM;9993.0;8;;;;;10011.0;24;;;;;10002.0;0.0
-1;15900;INTARIAN_PEPPER_ROOT;11010.0;10;11007.0;20;;;11022.0;8;11025.0;20;;;11016.0;0.0
-1;16000;ASH_COATED_OSMIUM;9992.0;8;9990.0;20;;;10008.0;9;10011.0;21;;;10000.0;0.0
-1;16000;INTARIAN_PEPPER_ROOT;11010.0;8;11007.0;14;;;11025.0;9;;;;;11017.5;0.0
-1;16100;ASH_COATED_OSMIUM;9997.0;4;9992.0;13;;;10008.0;11;10010.0;18;;;10002.5;0.0
-1;16100;INTARIAN_PEPPER_ROOT;11010.0;9;11007.0;23;;;11022.0;6;11025.0;22;;;11016.0;0.0
-1;16200;ASH_COATED_OSMIUM;9992.0;7;9990.0;16;;;10011.0;17;;;;;10001.5;0.0
-1;16200;INTARIAN_PEPPER_ROOT;11010.0;7;11007.0;21;;;11022.0;11;11025.0;20;;;11016.0;0.0
-1;16300;ASH_COATED_OSMIUM;9992.0;11;9989.0;17;;;10008.0;13;10010.0;18;;;10000.0;0.0
-1;16300;INTARIAN_PEPPER_ROOT;11010.0;7;11008.0;15;;;11022.0;7;;;;;11016.0;0.0
-1;16400;ASH_COATED_OSMIUM;9992.0;10;9990.0;22;;;10008.0;11;10011.0;23;;;10000.0;0.0
-1;16400;INTARIAN_PEPPER_ROOT;11010.0;7;11008.0;17;;;11022.0;8;11025.0;16;;;11016.0;0.0
-1;16500;ASH_COATED_OSMIUM;9992.0;11;9990.0;17;;;10011.0;18;;;;;10001.5;0.0
-1;16500;INTARIAN_PEPPER_ROOT;11010.0;10;;;;;11023.0;10;11025.0;13;;;11016.5;0.0
-1;16600;ASH_COATED_OSMIUM;9992.0;14;9990.0;22;;;10008.0;14;10011.0;22;;;10000.0;0.0
-1;16600;INTARIAN_PEPPER_ROOT;11011.0;7;11008.0;21;;;11023.0;8;11025.0;18;;;11017.0;0.0
-1;16700;ASH_COATED_OSMIUM;9993.0;11;9990.0;25;;;10009.0;6;10011.0;21;;;10001.0;0.0
-1;16700;INTARIAN_PEPPER_ROOT;;;;;;;11023.0;9;11025.0;20;;;11023.0;0.0
-1;16800;ASH_COATED_OSMIUM;9993.0;10;9991.0;22;;;10009.0;8;10012.0;18;;;10001.0;0.0
-1;16800;INTARIAN_PEPPER_ROOT;11011.0;5;11008.0;22;;;11023.0;7;11026.0;19;;;11017.0;0.0
-1;16900;ASH_COATED_OSMIUM;9991.0;17;;;;;10010.0;13;10012.0;17;;;10000.5;0.0
-1;16900;INTARIAN_PEPPER_ROOT;11011.0;9;11008.0;13;;;11023.0;8;;;;;11017.0;0.0
-1;17000;ASH_COATED_OSMIUM;9991.0;24;;;;;10010.0;7;10012.0;22;;;10000.5;0.0
-1;17000;INTARIAN_PEPPER_ROOT;11011.0;5;11008.0;12;;;11023.0;7;11026.0;13;;;11017.0;0.0
-1;17100;ASH_COATED_OSMIUM;9993.0;8;;;;;10009.0;10;10012.0;19;;;10001.0;0.0
-1;17100;INTARIAN_PEPPER_ROOT;11011.0;7;;;;;11026.0;16;;;;;11018.5;0.0
-1;17200;ASH_COATED_OSMIUM;9994.0;10;9991.0;16;;;10010.0;9;10012.0;20;;;10002.0;0.0
-1;17200;INTARIAN_PEPPER_ROOT;11011.0;7;11008.0;13;;;11023.0;8;11026.0;19;;;11017.0;0.0
-1;17300;ASH_COATED_OSMIUM;9994.0;9;9992.0;22;;;10010.0;10;10013.0;21;;;10002.0;0.0
-1;17300;INTARIAN_PEPPER_ROOT;11011.0;8;11009.0;12;;;11023.0;7;11026.0;17;;;11017.0;0.0
-1;17400;ASH_COATED_OSMIUM;9994.0;9;9992.0;16;;;10010.0;9;10013.0;16;;;10002.0;0.0
-1;17400;INTARIAN_PEPPER_ROOT;11011.0;5;11009.0;15;;;11014.0;2;11023.0;8;11026.0;15;11012.5;0.0
-1;17500;ASH_COATED_OSMIUM;9992.0;19;;;;;10010.0;9;;;;;10001.0;0.0
-1;17500;INTARIAN_PEPPER_ROOT;11011.0;5;;;;;11024.0;9;11026.0;17;;;11017.5;0.0
-1;17600;ASH_COATED_OSMIUM;9994.0;11;9991.0;19;;;10010.0;12;10012.0;22;;;10002.0;0.0
-1;17600;INTARIAN_PEPPER_ROOT;11012.0;5;;;;;11024.0;8;;;;;11018.0;0.0
-1;17700;ASH_COATED_OSMIUM;9994.0;10;9992.0;16;;;10010.0;8;;;;;10002.0;0.0
-1;17700;INTARIAN_PEPPER_ROOT;11012.0;8;;;;;11024.0;6;11026.0;13;;;11018.0;0.0
-1;17800;ASH_COATED_OSMIUM;9994.0;9;9991.0;17;;;10012.0;14;;;;;10003.0;0.0
-1;17800;INTARIAN_PEPPER_ROOT;11012.0;6;11009.0;21;;;11024.0;8;11027.0;18;;;11018.0;0.0
-1;17900;ASH_COATED_OSMIUM;9994.0;10;9991.0;16;;;10010.0;6;10012.0;18;;;10002.0;0.0
-1;17900;INTARIAN_PEPPER_ROOT;11012.0;6;11009.0;18;;;11024.0;9;11027.0;15;;;11018.0;0.0
-1;18000;ASH_COATED_OSMIUM;9994.0;8;9991.0;22;;;10010.0;11;10012.0;21;;;10002.0;0.0
-1;18000;INTARIAN_PEPPER_ROOT;11012.0;6;11009.0;18;;;11024.0;6;;;;;11018.0;0.0
-1;18100;ASH_COATED_OSMIUM;9994.0;11;9991.0;24;;;;;;;;;9994.0;0.0
-1;18100;INTARIAN_PEPPER_ROOT;11012.0;10;11009.0;19;;;11024.0;9;;;;;11018.0;0.0
-1;18200;ASH_COATED_OSMIUM;9993.0;8;9991.0;23;;;10009.0;9;;;;;10001.0;0.0
-1;18200;INTARIAN_PEPPER_ROOT;11012.0;9;11009.0;12;;;11024.0;8;11027.0;13;;;11018.0;0.0
-1;18300;ASH_COATED_OSMIUM;9993.0;7;9991.0;21;;;10009.0;9;10012.0;19;;;10001.0;0.0
-1;18300;INTARIAN_PEPPER_ROOT;11012.0;8;11010.0;15;;;11024.0;11;11027.0;10;;;11018.0;0.0
-1;18400;ASH_COATED_OSMIUM;9991.0;18;;;;;10010.0;8;10012.0;15;;;10000.5;0.0
-1;18400;INTARIAN_PEPPER_ROOT;11012.0;9;11010.0;18;;;11024.0;8;11027.0;23;;;11018.0;0.0
-1;18500;ASH_COATED_OSMIUM;9994.0;11;9991.0;17;;;10010.0;7;10012.0;20;;;10002.0;0.0
-1;18500;INTARIAN_PEPPER_ROOT;11012.0;7;11010.0;15;;;11025.0;9;;;;;11018.5;0.0
-1;18600;ASH_COATED_OSMIUM;9993.0;10;9990.0;20;;;10009.0;9;;;;;10001.0;0.0
-1;18600;INTARIAN_PEPPER_ROOT;11013.0;8;;;;;;;;;;;11013.0;0.0
-1;18700;ASH_COATED_OSMIUM;9992.0;10;9990.0;18;;;10008.0;11;10011.0;17;;;10000.0;0.0
-1;18700;INTARIAN_PEPPER_ROOT;11013.0;4;11010.0;16;;;11027.0;20;;;;;11020.0;0.0
-1;18800;ASH_COATED_OSMIUM;9992.0;8;9990.0;23;;;10008.0;11;10011.0;26;;;10000.0;0.0
-1;18800;INTARIAN_PEPPER_ROOT;11013.0;6;11010.0;17;;;11025.0;8;11028.0;16;;;11019.0;0.0
-1;18900;ASH_COATED_OSMIUM;9992.0;10;;;;;10002.0;5;10008.0;9;10011.0;22;9997.0;0.0
-1;18900;INTARIAN_PEPPER_ROOT;;;;;;;11028.0;18;;;;;11028.0;0.0
-1;19000;ASH_COATED_OSMIUM;9990.0;14;;;;;10008.0;6;;;;;9999.0;0.0
-1;19000;INTARIAN_PEPPER_ROOT;11013.0;7;11010.0;12;;;11025.0;10;11028.0;13;;;11019.0;0.0
-1;19100;ASH_COATED_OSMIUM;9992.0;11;9990.0;22;;;10008.0;11;10011.0;24;;;10000.0;0.0
-1;19100;INTARIAN_PEPPER_ROOT;11013.0;8;11010.0;17;;;11025.0;8;11028.0;20;;;11019.0;0.0
-1;19200;ASH_COATED_OSMIUM;9993.0;7;9990.0;19;;;10009.0;9;;;;;10001.0;0.0
-1;19200;INTARIAN_PEPPER_ROOT;11013.0;7;;;;;11025.0;5;;;;;11019.0;0.0
-1;19300;ASH_COATED_OSMIUM;9992.0;14;;;;;10011.0;18;;;;;10001.5;0.0
-1;19300;INTARIAN_PEPPER_ROOT;11013.0;6;11011.0;14;;;11025.0;6;11028.0;17;;;11019.0;0.0
-1;19400;ASH_COATED_OSMIUM;9990.0;19;;;;;10009.0;11;10011.0;19;;;9999.5;0.0
-1;19400;INTARIAN_PEPPER_ROOT;11013.0;5;11011.0;18;;;11028.0;20;;;;;11020.5;0.0
-1;19500;ASH_COATED_OSMIUM;9992.0;9;;;;;10008.0;9;;;;;10000.0;0.0
-1;19500;INTARIAN_PEPPER_ROOT;11013.0;6;11011.0;15;;;11026.0;7;11028.0;15;;;11019.5;0.0
-1;19600;ASH_COATED_OSMIUM;9992.0;7;9990.0;19;;;10008.0;9;10011.0;21;;;10000.0;0.0
-1;19600;INTARIAN_PEPPER_ROOT;11014.0;8;11011.0;19;;;11028.0;19;;;;;11021.0;0.0
-1;19700;ASH_COATED_OSMIUM;9992.0;12;9990.0;21;;;10008.0;12;;;;;10000.0;0.0
-1;19700;INTARIAN_PEPPER_ROOT;11014.0;9;11011.0;19;;;11028.0;19;;;;;11021.0;0.0
-1;19800;ASH_COATED_OSMIUM;9990.0;23;;;;;9998.0;3;10009.0;10;10011.0;24;9994.0;0.0
-1;19800;INTARIAN_PEPPER_ROOT;11014.0;9;;;;;11026.0;9;11029.0;15;;;11020.0;0.0
-1;19900;ASH_COATED_OSMIUM;9993.0;10;9991.0;18;;;10009.0;9;10012.0;22;;;10001.0;0.0
-1;19900;INTARIAN_PEPPER_ROOT;11014.0;11;11011.0;13;;;11026.0;8;11029.0;14;;;11020.0;0.0
-1;20000;ASH_COATED_OSMIUM;9993.0;12;9990.0;17;;;10009.0;10;10011.0;16;;;10001.0;0.0
-1;20000;INTARIAN_PEPPER_ROOT;11014.0;8;11011.0;19;;;11026.0;8;11029.0;15;;;11020.0;0.0
-1;20100;ASH_COATED_OSMIUM;9993.0;9;9990.0;20;;;10009.0;7;10011.0;28;;;10001.0;0.0
-1;20100;INTARIAN_PEPPER_ROOT;11014.0;11;11011.0;13;;;11026.0;8;11029.0;13;;;11020.0;0.0
-1;20200;ASH_COATED_OSMIUM;9993.0;12;9990.0;17;;;10009.0;9;10011.0;20;;;10001.0;0.0
-1;20200;INTARIAN_PEPPER_ROOT;11011.0;12;;;;;11029.0;11;;;;;11020.0;0.0
-1;20300;ASH_COATED_OSMIUM;9992.0;9;9990.0;22;;;10011.0;20;;;;;10001.5;0.0
-1;20300;INTARIAN_PEPPER_ROOT;11014.0;6;;;;;11029.0;21;;;;;11021.5;0.0
-1;20400;ASH_COATED_OSMIUM;9992.0;10;9990.0;23;;;10008.0;10;;;;;10000.0;0.0
-1;20400;INTARIAN_PEPPER_ROOT;11014.0;4;11012.0;15;;;11026.0;7;11029.0;14;;;11020.0;0.0
-1;20500;ASH_COATED_OSMIUM;9992.0;5;9990.0;24;;;10008.0;10;;;;;10000.0;0.0
-1;20500;INTARIAN_PEPPER_ROOT;11014.0;8;;;;;11027.0;8;11029.0;16;;;11020.5;0.0
-1;20600;ASH_COATED_OSMIUM;9993.0;12;9990.0;21;;;10009.0;11;10011.0;22;;;10001.0;0.0
-1;20600;INTARIAN_PEPPER_ROOT;11015.0;9;;;;;11027.0;5;11029.0;14;;;11021.0;0.0
-1;20700;ASH_COATED_OSMIUM;9990.0;16;;;;;10008.0;13;10011.0;15;;;9999.0;0.0
-1;20700;INTARIAN_PEPPER_ROOT;11015.0;6;11012.0;13;;;11027.0;8;;;;;11021.0;0.0
-1;20800;ASH_COATED_OSMIUM;9992.0;9;9990.0;19;;;10008.0;8;10011.0;19;;;10000.0;0.0
-1;20800;INTARIAN_PEPPER_ROOT;11015.0;8;11012.0;21;;;11027.0;7;11030.0;20;;;11021.0;0.0
-1;20900;ASH_COATED_OSMIUM;9992.0;9;9990.0;18;;;10008.0;11;10011.0;17;;;10000.0;0.0
-1;20900;INTARIAN_PEPPER_ROOT;11012.0;17;;;;;11027.0;8;11030.0;18;;;11019.5;0.0
-1;21000;ASH_COATED_OSMIUM;9992.0;9;9990.0;19;;;10008.0;9;10011.0;19;;;10000.0;0.0
-1;21000;INTARIAN_PEPPER_ROOT;11015.0;10;11012.0;9;;;11030.0;16;;;;;11022.5;0.0
-1;21100;ASH_COATED_OSMIUM;9989.0;22;;;;;10008.0;9;10010.0;18;;;9998.5;0.0
-1;21100;INTARIAN_PEPPER_ROOT;11015.0;8;11012.0;15;;;11027.0;8;11030.0;13;;;11021.0;0.0
-1;21200;ASH_COATED_OSMIUM;9992.0;7;;;;;10008.0;8;10011.0;18;;;10000.0;0.0
-1;21200;INTARIAN_PEPPER_ROOT;11015.0;7;;;;;11027.0;8;11030.0;18;;;11021.0;0.0
-1;21300;ASH_COATED_OSMIUM;9992.0;11;;;;;10008.0;11;10011.0;20;;;10000.0;0.0
-1;21300;INTARIAN_PEPPER_ROOT;11015.0;8;;;;;11027.0;7;11030.0;14;;;11021.0;0.0
-1;21400;ASH_COATED_OSMIUM;9993.0;7;9990.0;16;;;10009.0;9;10011.0;16;;;10001.0;0.0
-1;21400;INTARIAN_PEPPER_ROOT;11015.0;9;11013.0;19;;;11027.0;9;;;;;11021.0;0.0
-1;21500;ASH_COATED_OSMIUM;9998.0;2;9992.0;14;;;10008.0;10;;;;;10003.0;0.0
-1;21500;INTARIAN_PEPPER_ROOT;11015.0;7;11013.0;18;;;11028.0;8;11030.0;15;;;11021.5;0.0
-1;21600;ASH_COATED_OSMIUM;9992.0;9;9990.0;19;;;10011.0;23;;;;;10001.5;0.0
-1;21600;INTARIAN_PEPPER_ROOT;11016.0;5;11013.0;16;;;11028.0;6;11030.0;15;;;11022.0;0.0
-1;21700;ASH_COATED_OSMIUM;9992.0;13;9989.0;18;;;10008.0;13;10010.0;22;;;10000.0;0.0
-1;21700;INTARIAN_PEPPER_ROOT;11016.0;6;11013.0;20;;;11028.0;5;11030.0;17;;;11022.0;0.0
-1;21800;ASH_COATED_OSMIUM;;;;;;;10007.0;7;10010.0;18;;;10007.0;0.0
-1;21800;INTARIAN_PEPPER_ROOT;;;;;;;;;;;;;0.0;0.0
-1;21900;ASH_COATED_OSMIUM;9991.0;9;9989.0;21;;;;;;;;;9991.0;0.0
-1;21900;INTARIAN_PEPPER_ROOT;11016.0;7;;;;;11028.0;7;11031.0;9;;;11022.0;0.0
-1;22000;ASH_COATED_OSMIUM;9989.0;19;;;;;10007.0;11;10010.0;22;;;9998.0;0.0
-1;22000;INTARIAN_PEPPER_ROOT;11016.0;6;11013.0;15;;;11028.0;7;11031.0;15;;;11022.0;0.0
-1;22100;ASH_COATED_OSMIUM;9991.0;9;9989.0;29;;;10007.0;9;10010.0;22;;;9999.0;0.0
-1;22100;INTARIAN_PEPPER_ROOT;11016.0;10;11013.0;16;;;11028.0;8;11031.0;20;;;11022.0;0.0
-1;22200;ASH_COATED_OSMIUM;9989.0;23;;;;;10007.0;10;;;;;9998.0;0.0
-1;22200;INTARIAN_PEPPER_ROOT;11016.0;9;11013.0;14;;;11031.0;12;;;;;11023.5;0.0
-1;22300;ASH_COATED_OSMIUM;9992.0;14;;;;;9997.0;4;10008.0;13;;;9994.5;0.0
-1;22300;INTARIAN_PEPPER_ROOT;11014.0;17;;;;;11028.0;9;11031.0;18;;;11021.0;0.0
-1;22400;ASH_COATED_OSMIUM;9991.0;9;9989.0;22;;;10007.0;9;;;;;9999.0;0.0
-1;22400;INTARIAN_PEPPER_ROOT;11016.0;10;11014.0;20;;;11031.0;20;;;;;11023.5;0.0
-1;22500;ASH_COATED_OSMIUM;9991.0;11;9989.0;24;;;10007.0;13;10010.0;19;;;9999.0;0.0
-1;22500;INTARIAN_PEPPER_ROOT;;;;;;;11029.0;7;11031.0;21;;;11029.0;0.0
-1;22600;ASH_COATED_OSMIUM;;;;;;;10007.0;8;10010.0;24;;;10007.0;0.0
-1;22600;INTARIAN_PEPPER_ROOT;11017.0;8;11014.0;13;;;11029.0;8;11031.0;14;;;11023.0;0.0
-1;22700;ASH_COATED_OSMIUM;9997.0;4;9991.0;6;9989.0;23;10007.0;10;;;;;10002.0;0.0
-1;22700;INTARIAN_PEPPER_ROOT;11017.0;8;11014.0;10;;;11029.0;9;;;;;11023.0;0.0
-1;22800;ASH_COATED_OSMIUM;9991.0;10;;;;;10007.0;10;;;;;9999.0;0.0
-1;22800;INTARIAN_PEPPER_ROOT;11017.0;8;11014.0;15;;;11029.0;10;11032.0;17;;;11023.0;0.0
-1;22900;ASH_COATED_OSMIUM;9991.0;9;;;;;10007.0;9;10009.0;22;;;9999.0;0.0
-1;22900;INTARIAN_PEPPER_ROOT;11017.0;9;11014.0;19;;;11029.0;10;;;;;11023.0;0.0
-1;23000;ASH_COATED_OSMIUM;9991.0;12;9989.0;19;;;10007.0;11;10010.0;18;;;9999.0;0.0
-1;23000;INTARIAN_PEPPER_ROOT;11014.0;14;;;;;11029.0;9;11032.0;17;;;11021.5;0.0
-1;23100;ASH_COATED_OSMIUM;9991.0;11;9989.0;25;;;10007.0;10;;;;;9999.0;0.0
-1;23100;INTARIAN_PEPPER_ROOT;11014.0;13;;;;;11019.0;4;11029.0;6;11032.0;17;11016.5;0.0
-1;23200;ASH_COATED_OSMIUM;9991.0;7;9989.0;23;;;9997.0;5;10001.0;2;10007.0;12;9994.0;0.0
-1;23200;INTARIAN_PEPPER_ROOT;11014.0;15;;;;;11029.0;8;11032.0;18;;;11021.5;0.0
-1;23300;ASH_COATED_OSMIUM;9989.0;20;;;;;10007.0;10;10010.0;20;;;9998.0;0.0
-1;23300;INTARIAN_PEPPER_ROOT;11017.0;6;11015.0;19;;;11029.0;8;11032.0;19;;;11023.0;0.0
-1;23400;ASH_COATED_OSMIUM;9991.0;10;9989.0;22;;;10010.0;24;;;;;10000.5;0.0
-1;23400;INTARIAN_PEPPER_ROOT;11017.0;8;11015.0;20;;;11029.0;8;11032.0;17;;;11023.0;0.0
-1;23500;ASH_COATED_OSMIUM;9991.0;8;9989.0;25;;;;;;;;;9991.0;0.0
-1;23500;INTARIAN_PEPPER_ROOT;11015.0;16;;;;;11030.0;7;11032.0;18;;;11022.5;0.0
-1;23600;ASH_COATED_OSMIUM;9989.0;20;;;;;10008.0;9;10010.0;14;;;9998.5;0.0
-1;23600;INTARIAN_PEPPER_ROOT;11018.0;10;11015.0;14;;;11030.0;5;11032.0;13;;;11024.0;0.0
-1;23700;ASH_COATED_OSMIUM;9989.0;27;;;;;10007.0;8;10010.0;23;;;9998.0;0.0
-1;23700;INTARIAN_PEPPER_ROOT;;;;;;;11030.0;6;11032.0;14;;;11030.0;0.0
-1;23800;ASH_COATED_OSMIUM;;;;;;;10009.0;21;;;;;10009.0;0.0
-1;23800;INTARIAN_PEPPER_ROOT;11018.0;9;;;;;11030.0;7;11033.0;16;;;11024.0;0.0
-1;23900;ASH_COATED_OSMIUM;9991.0;10;;;;;10007.0;12;;;;;9999.0;0.0
-1;23900;INTARIAN_PEPPER_ROOT;11018.0;12;11015.0;12;;;11030.0;11;;;;;11024.0;0.0
-1;24000;ASH_COATED_OSMIUM;9991.0;11;9989.0;17;;;10007.0;8;10010.0;20;;;9999.0;0.0
-1;24000;INTARIAN_PEPPER_ROOT;11018.0;8;11015.0;15;;;11030.0;4;11033.0;17;;;11024.0;0.0
-1;24100;ASH_COATED_OSMIUM;9991.0;11;9989.0;16;;;10007.0;11;10010.0;18;;;9999.0;0.0
-1;24100;INTARIAN_PEPPER_ROOT;11018.0;7;11015.0;17;;;11030.0;9;11033.0;15;;;11024.0;0.0
-1;24200;ASH_COATED_OSMIUM;9991.0;11;9989.0;23;;;10007.0;10;10010.0;22;;;9999.0;0.0
-1;24200;INTARIAN_PEPPER_ROOT;11015.0;14;;;;;11030.0;8;11033.0;19;;;11022.5;0.0
-1;24300;ASH_COATED_OSMIUM;9992.0;11;9989.0;21;;;10008.0;9;10010.0;26;;;10000.0;0.0
-1;24300;INTARIAN_PEPPER_ROOT;11018.0;9;11016.0;16;;;11030.0;9;11033.0;15;;;11024.0;0.0
-1;24400;ASH_COATED_OSMIUM;9989.0;19;;;;;9997.0;8;10007.0;10;10010.0;18;9993.0;0.0
-1;24400;INTARIAN_PEPPER_ROOT;11018.0;9;11016.0;19;;;11030.0;8;11033.0;17;;;11024.0;0.0
-1;24500;ASH_COATED_OSMIUM;9991.0;7;9989.0;20;;;10010.0;21;;;;;10000.5;0.0
-1;24500;INTARIAN_PEPPER_ROOT;11018.0;8;;;;;11031.0;9;11033.0;11;;;11024.5;0.0
-1;24600;ASH_COATED_OSMIUM;9991.0;11;9989.0;16;;;10007.0;11;10010.0;18;;;9999.0;0.0
-1;24600;INTARIAN_PEPPER_ROOT;11019.0;7;11016.0;12;;;11031.0;6;11033.0;12;;;11025.0;0.0
-1;24700;ASH_COATED_OSMIUM;9992.0;10;9989.0;19;;;10008.0;11;10010.0;19;;;10000.0;0.0
-1;24700;INTARIAN_PEPPER_ROOT;11019.0;10;11016.0;15;;;11031.0;8;11033.0;14;;;11025.0;0.0
-1;24800;ASH_COATED_OSMIUM;9992.0;9;9989.0;14;;;10008.0;10;;;;;10000.0;0.0
-1;24800;INTARIAN_PEPPER_ROOT;11016.0;10;;;;;11031.0;8;11034.0;16;;;11023.5;0.0
-1;24900;ASH_COATED_OSMIUM;9992.0;11;9989.0;21;;;10008.0;10;10010.0;23;;;10000.0;0.0
-1;24900;INTARIAN_PEPPER_ROOT;11019.0;7;11016.0;15;;;11031.0;9;11034.0;14;;;11025.0;0.0
-1;25000;ASH_COATED_OSMIUM;9992.0;13;;;;;10008.0;12;10010.0;20;;;10000.0;0.0
-1;25000;INTARIAN_PEPPER_ROOT;11019.0;10;11016.0;12;;;11031.0;8;11034.0;12;;;11025.0;0.0
-1;25100;ASH_COATED_OSMIUM;10002.0;8;9992.0;7;9990.0;25;10008.0;8;10011.0;25;;;10005.0;0.0
-1;25100;INTARIAN_PEPPER_ROOT;11019.0;10;11016.0;15;;;11034.0;17;;;;;11026.5;0.0
-1;25200;ASH_COATED_OSMIUM;9992.0;9;;;;;10011.0;17;;;;;10001.5;0.0
-1;25200;INTARIAN_PEPPER_ROOT;;;;;;;11031.0;7;11034.0;12;;;11031.0;0.0
-1;25300;ASH_COATED_OSMIUM;9992.0;6;9990.0;21;;;10008.0;10;10011.0;22;;;10000.0;0.0
-1;25300;INTARIAN_PEPPER_ROOT;11019.0;9;11017.0;18;;;11031.0;8;11034.0;22;;;11025.0;0.0
-1;25400;ASH_COATED_OSMIUM;9993.0;10;9991.0;18;;;10009.0;13;10012.0;16;;;10001.0;0.0
-1;25400;INTARIAN_PEPPER_ROOT;11017.0;18;;;;;11034.0;19;;;;;11025.5;0.0
-1;25500;ASH_COATED_OSMIUM;9993.0;10;9990.0;19;;;;;;;;;9993.0;0.0
-1;25500;INTARIAN_PEPPER_ROOT;11017.0;18;;;;;11022.0;6;11032.0;8;11034.0;23;11019.5;0.0
-1;25600;ASH_COATED_OSMIUM;9992.0;12;;;;;10011.0;19;;;;;10001.5;0.0
-1;25600;INTARIAN_PEPPER_ROOT;11020.0;7;11017.0;17;;;11032.0;8;11034.0;19;;;11026.0;0.0
-1;25700;ASH_COATED_OSMIUM;9992.0;13;9989.0;16;;;10008.0;12;10010.0;19;;;10000.0;0.0
-1;25700;INTARIAN_PEPPER_ROOT;11020.0;8;11017.0;16;;;11032.0;7;;;;;11026.0;0.0
-1;25800;ASH_COATED_OSMIUM;9990.0;17;;;;;10008.0;11;;;;;9999.0;0.0
-1;25800;INTARIAN_PEPPER_ROOT;11020.0;9;11017.0;15;;;11032.0;7;11035.0;15;;;11026.0;0.0
-1;25900;ASH_COATED_OSMIUM;9993.0;12;9990.0;24;;;10011.0;23;;;;;10002.0;0.0
-1;25900;INTARIAN_PEPPER_ROOT;11020.0;4;11017.0;16;;;11032.0;5;11035.0;12;;;11026.0;0.0
-1;26000;ASH_COATED_OSMIUM;9993.0;10;;;;;10009.0;12;10011.0;15;;;10001.0;0.0
-1;26000;INTARIAN_PEPPER_ROOT;11020.0;8;;;;;11035.0;20;;;;;11027.5;0.0
-1;26100;ASH_COATED_OSMIUM;9993.0;9;9990.0;20;;;10009.0;9;10011.0;19;;;10001.0;0.0
-1;26100;INTARIAN_PEPPER_ROOT;;;;;;;11032.0;8;11035.0;18;;;11032.0;0.0
-1;26200;ASH_COATED_OSMIUM;9993.0;12;;;;;10009.0;13;10011.0;18;;;10001.0;0.0
-1;26200;INTARIAN_PEPPER_ROOT;11020.0;9;11017.0;16;;;11035.0;14;;;;;11027.5;0.0
-1;26300;ASH_COATED_OSMIUM;9992.0;13;9990.0;14;;;10011.0;18;;;;;10001.5;0.0
-1;26300;INTARIAN_PEPPER_ROOT;;;;;;;11032.0;6;11035.0;9;;;11032.0;0.0
-1;26400;ASH_COATED_OSMIUM;9992.0;10;;;;;10008.0;9;;;;;10000.0;0.0
-1;26400;INTARIAN_PEPPER_ROOT;11018.0;10;;;;;11032.0;9;11035.0;12;;;11025.0;0.0
-1;26500;ASH_COATED_OSMIUM;;;;;;;10009.0;9;;;;;10009.0;0.0
-1;26500;INTARIAN_PEPPER_ROOT;11020.0;6;11018.0;20;;;11035.0;18;;;;;11027.5;0.0
-1;26600;ASH_COATED_OSMIUM;9990.0;22;;;;;10009.0;8;10011.0;24;;;9999.5;0.0
-1;26600;INTARIAN_PEPPER_ROOT;11021.0;8;;;;;11033.0;9;;;;;11027.0;0.0
-1;26700;ASH_COATED_OSMIUM;9992.0;8;9989.0;21;;;10008.0;9;10010.0;21;;;10000.0;0.0
-1;26700;INTARIAN_PEPPER_ROOT;11021.0;5;11018.0;21;;;11033.0;9;11035.0;21;;;11027.0;0.0
-1;26800;ASH_COATED_OSMIUM;9990.0;19;;;;;9998.0;7;10008.0;15;;;9994.0;0.0
-1;26800;INTARIAN_PEPPER_ROOT;11021.0;11;11018.0;12;;;11033.0;9;11036.0;12;;;11027.0;0.0
-1;26900;ASH_COATED_OSMIUM;9992.0;6;9990.0;24;;;10002.0;2;10008.0;10;10011.0;25;9997.0;0.0
-1;26900;INTARIAN_PEPPER_ROOT;;;;;;;11033.0;6;;;;;11033.0;0.0
-1;27000;ASH_COATED_OSMIUM;9992.0;7;9990.0;20;;;10008.0;8;;;;;10000.0;0.0
-1;27000;INTARIAN_PEPPER_ROOT;11018.0;21;;;;;11033.0;6;11036.0;20;;;11025.5;0.0
-1;27100;ASH_COATED_OSMIUM;9992.0;7;9990.0;15;;;10008.0;6;10011.0;15;;;10000.0;0.0
-1;27100;INTARIAN_PEPPER_ROOT;;;;;;;11033.0;6;11036.0;15;;;11033.0;0.0
-1;27200;ASH_COATED_OSMIUM;9993.0;12;9990.0;19;;;10009.0;12;10011.0;17;;;10001.0;0.0
-1;27200;INTARIAN_PEPPER_ROOT;11021.0;10;11018.0;13;;;11033.0;9;11036.0;9;;;11027.0;0.0
-1;27300;ASH_COATED_OSMIUM;9992.0;7;9990.0;20;;;10008.0;8;10011.0;23;;;10000.0;0.0
-1;27300;INTARIAN_PEPPER_ROOT;11019.0;16;;;;;11033.0;8;11036.0;15;;;11026.0;0.0
-1;27400;ASH_COATED_OSMIUM;9992.0;7;;;;;10008.0;10;10011.0;20;;;10000.0;0.0
-1;27400;INTARIAN_PEPPER_ROOT;11021.0;11;11019.0;12;;;11033.0;11;11036.0;15;;;11027.0;0.0
-1;27500;ASH_COATED_OSMIUM;;;;;;;10009.0;9;10012.0;24;;;10009.0;0.0
-1;27500;INTARIAN_PEPPER_ROOT;;;;;;;11034.0;9;;;;;11034.0;0.0
-1;27600;ASH_COATED_OSMIUM;9993.0;10;9990.0;20;;;10009.0;9;10011.0;24;;;10001.0;0.0
-1;27600;INTARIAN_PEPPER_ROOT;11022.0;10;11019.0;21;;;11036.0;20;;;;;11029.0;0.0
-1;27700;ASH_COATED_OSMIUM;9993.0;7;9990.0;17;;;10009.0;9;10011.0;19;;;10001.0;0.0
-1;27700;INTARIAN_PEPPER_ROOT;11022.0;5;;;;;11034.0;5;11036.0;23;;;11028.0;0.0
-1;27800;ASH_COATED_OSMIUM;9993.0;12;;;;;10009.0;13;;;;;10001.0;0.0
-1;27800;INTARIAN_PEPPER_ROOT;11022.0;8;;;;;11034.0;10;11037.0;14;;;11028.0;0.0
-1;27900;ASH_COATED_OSMIUM;9993.0;13;9991.0;16;;;10009.0;11;10012.0;18;;;10001.0;0.0
-1;27900;INTARIAN_PEPPER_ROOT;11022.0;9;11019.0;17;;;11034.0;9;11037.0;16;;;11028.0;0.0
-1;28000;ASH_COATED_OSMIUM;9993.0;11;9991.0;21;;;10009.0;13;;;;;10001.0;0.0
-1;28000;INTARIAN_PEPPER_ROOT;11022.0;7;11019.0;18;;;11034.0;9;11037.0;17;;;11028.0;0.0
-1;28100;ASH_COATED_OSMIUM;9993.0;8;9991.0;18;;;10009.0;11;10012.0;18;;;10001.0;0.0
-1;28100;INTARIAN_PEPPER_ROOT;11022.0;9;11019.0;16;;;11037.0;15;;;;;11029.5;0.0
-1;28200;ASH_COATED_OSMIUM;9993.0;10;9991.0;18;;;10009.0;10;10012.0;17;;;10001.0;0.0
-1;28200;INTARIAN_PEPPER_ROOT;11022.0;9;11019.0;16;;;11034.0;6;;;;;11028.0;0.0
-1;28300;ASH_COATED_OSMIUM;9993.0;11;9991.0;18;;;10009.0;11;;;;;10001.0;0.0
-1;28300;INTARIAN_PEPPER_ROOT;11022.0;6;11020.0;22;;;11034.0;6;;;;;11028.0;0.0
-1;28400;ASH_COATED_OSMIUM;9993.0;10;9991.0;18;;;10009.0;9;10012.0;16;;;10001.0;0.0
-1;28400;INTARIAN_PEPPER_ROOT;11022.0;8;11020.0;14;;;11034.0;8;11037.0;10;;;11028.0;0.0
-1;28500;ASH_COATED_OSMIUM;9994.0;9;9991.0;23;;;;;;;;;9994.0;0.0
-1;28500;INTARIAN_PEPPER_ROOT;11022.0;8;11020.0;18;;;11035.0;8;;;;;11028.5;0.0
-1;28600;ASH_COATED_OSMIUM;9994.0;12;9992.0;24;;;10010.0;12;10013.0;23;;;10002.0;0.0
-1;28600;INTARIAN_PEPPER_ROOT;11023.0;9;11020.0;13;;;11035.0;10;11037.0;13;;;11029.0;0.0
-1;28700;ASH_COATED_OSMIUM;9994.0;8;9992.0;23;;;10010.0;8;10013.0;20;;;10002.0;0.0
-1;28700;INTARIAN_PEPPER_ROOT;11023.0;7;11020.0;14;;;11035.0;9;;;;;11029.0;0.0
-1;28800;ASH_COATED_OSMIUM;9995.0;13;9992.0;24;;;10011.0;12;10013.0;24;;;10003.0;0.0
-1;28800;INTARIAN_PEPPER_ROOT;11023.0;8;11020.0;14;;;11035.0;8;11038.0;14;;;11029.0;0.0
-1;28900;ASH_COATED_OSMIUM;9994.0;10;9992.0;18;;;;;;;;;9994.0;0.0
-1;28900;INTARIAN_PEPPER_ROOT;11023.0;9;11020.0;19;;;11038.0;21;;;;;11030.5;0.0
-1;29000;ASH_COATED_OSMIUM;9995.0;7;;;;;10011.0;7;10013.0;24;;;10003.0;0.0
-1;29000;INTARIAN_PEPPER_ROOT;11023.0;10;11020.0;12;;;11035.0;9;11038.0;18;;;11029.0;0.0
-1;29100;ASH_COATED_OSMIUM;9995.0;8;9992.0;23;;;10011.0;8;10013.0;24;;;10003.0;0.0
-1;29100;INTARIAN_PEPPER_ROOT;11023.0;9;11020.0;18;;;;;;;;;11023.0;0.0
-1;29200;ASH_COATED_OSMIUM;9995.0;9;9992.0;20;;;10011.0;10;10013.0;17;;;10003.0;0.0
-1;29200;INTARIAN_PEPPER_ROOT;11023.0;9;;;;;11035.0;9;;;;;11029.0;0.0
-1;29300;ASH_COATED_OSMIUM;9994.0;10;9992.0;14;;;10010.0;10;10013.0;16;;;10002.0;0.0
-1;29300;INTARIAN_PEPPER_ROOT;11023.0;7;;;;;11035.0;10;11038.0;16;;;11029.0;0.0
-1;29400;ASH_COATED_OSMIUM;9995.0;11;9992.0;21;;;10011.0;12;10013.0;18;;;10003.0;0.0
-1;29400;INTARIAN_PEPPER_ROOT;11023.0;11;11021.0;16;;;11035.0;10;11038.0;18;;;11029.0;0.0
-1;29500;ASH_COATED_OSMIUM;9992.0;21;;;;;10011.0;9;10013.0;20;;;10001.5;0.0
-1;29500;INTARIAN_PEPPER_ROOT;11023.0;10;11021.0;14;;;11036.0;10;;;;;11029.5;0.0
-1;29600;ASH_COATED_OSMIUM;9994.0;8;9992.0;21;;;10010.0;6;10013.0;23;;;10002.0;0.0
-1;29600;INTARIAN_PEPPER_ROOT;11024.0;8;11021.0;9;;;11038.0;15;;;;;11031.0;0.0
-1;29700;ASH_COATED_OSMIUM;9994.0;10;9992.0;22;;;10010.0;8;10013.0;24;;;10002.0;0.0
-1;29700;INTARIAN_PEPPER_ROOT;11024.0;8;11021.0;13;;;11036.0;7;11038.0;16;;;11030.0;0.0
-1;29800;ASH_COATED_OSMIUM;9994.0;14;9991.0;19;;;10010.0;14;;;;;10002.0;0.0
-1;29800;INTARIAN_PEPPER_ROOT;11024.0;6;11021.0;17;;;11036.0;7;11039.0;19;;;11030.0;0.0
-1;29900;ASH_COATED_OSMIUM;9994.0;10;9992.0;22;;;10010.0;10;10013.0;21;;;10002.0;0.0
-1;29900;INTARIAN_PEPPER_ROOT;11024.0;9;11021.0;17;;;11036.0;9;11039.0;13;;;11030.0;0.0
-1;30000;ASH_COATED_OSMIUM;9994.0;9;9991.0;23;;;10010.0;9;10012.0;21;;;10002.0;0.0
-1;30000;INTARIAN_PEPPER_ROOT;11024.0;10;11021.0;18;;;11032.0;10;11036.0;10;11039.0;19;11028.0;0.0
-1;30100;ASH_COATED_OSMIUM;9994.0;12;9991.0;20;;;10010.0;12;10012.0;20;;;10002.0;0.0
-1;30100;INTARIAN_PEPPER_ROOT;11024.0;8;;;;;11036.0;10;11039.0;15;;;11030.0;0.0
-1;30200;ASH_COATED_OSMIUM;9991.0;18;;;;;10009.0;13;10012.0;19;;;10000.0;0.0
-1;30200;INTARIAN_PEPPER_ROOT;11021.0;16;;;;;11036.0;10;11039.0;19;;;11028.5;0.0
-1;30300;ASH_COATED_OSMIUM;9993.0;12;9991.0;19;;;10009.0;12;10012.0;18;;;10001.0;0.0
-1;30300;INTARIAN_PEPPER_ROOT;11024.0;9;11022.0;23;;;11036.0;9;11039.0;18;;;11030.0;0.0
-1;30400;ASH_COATED_OSMIUM;9994.0;10;9991.0;23;;;10010.0;13;;;;;10002.0;0.0
-1;30400;INTARIAN_PEPPER_ROOT;11024.0;6;11022.0;19;;;11036.0;9;11039.0;20;;;11030.0;0.0
-1;30500;ASH_COATED_OSMIUM;9993.0;10;9990.0;17;;;10009.0;10;10011.0;17;;;10001.0;0.0
-1;30500;INTARIAN_PEPPER_ROOT;11024.0;9;11022.0;13;;;11037.0;9;;;;;11030.5;0.0
-1;30600;ASH_COATED_OSMIUM;9991.0;22;;;;;10012.0;21;;;;;10001.5;0.0
-1;30600;INTARIAN_PEPPER_ROOT;11025.0;7;11022.0;13;;;11037.0;6;11039.0;12;;;11031.0;0.0
-1;30700;ASH_COATED_OSMIUM;9993.0;12;9991.0;14;;;10009.0;13;;;;;10001.0;0.0
-1;30700;INTARIAN_PEPPER_ROOT;11022.0;15;;;;;11037.0;8;11039.0;18;;;11029.5;0.0
-1;30800;ASH_COATED_OSMIUM;9993.0;10;;;;;10009.0;10;10012.0;21;;;10001.0;0.0
-1;30800;INTARIAN_PEPPER_ROOT;11025.0;5;11022.0;18;;;11040.0;19;;;;;11032.5;0.0
-1;30900;ASH_COATED_OSMIUM;9993.0;11;;;;;10012.0;19;;;;;10002.5;0.0
-1;30900;INTARIAN_PEPPER_ROOT;11025.0;9;;;;;11040.0;20;;;;;11032.5;0.0
-1;31000;ASH_COATED_OSMIUM;9993.0;12;9991.0;23;;;10009.0;13;10012.0;26;;;10001.0;0.0
-1;31000;INTARIAN_PEPPER_ROOT;11025.0;5;11022.0;19;;;;;;;;;11025.0;0.0
-1;31100;ASH_COATED_OSMIUM;9993.0;13;9990.0;21;;;10009.0;11;10011.0;21;;;10001.0;0.0
-1;31100;INTARIAN_PEPPER_ROOT;11025.0;9;11022.0;15;;;11037.0;11;11040.0;11;;;11031.0;0.0
-1;31200;ASH_COATED_OSMIUM;9993.0;11;9990.0;20;;;10009.0;14;10011.0;19;;;10001.0;0.0
-1;31200;INTARIAN_PEPPER_ROOT;11025.0;12;11022.0;20;;;11037.0;9;11040.0;17;;;11031.0;0.0
-1;31300;ASH_COATED_OSMIUM;;;;;;;10009.0;12;10011.0;18;;;10009.0;0.0
-1;31300;INTARIAN_PEPPER_ROOT;11025.0;9;11023.0;17;;;11037.0;10;11040.0;18;;;11031.0;0.0
-1;31400;ASH_COATED_OSMIUM;9993.0;11;9990.0;18;;;10009.0;10;10011.0;18;;;10001.0;0.0
-1;31400;INTARIAN_PEPPER_ROOT;11025.0;8;11023.0;19;;;11040.0;16;;;;;11032.5;0.0
-1;31500;ASH_COATED_OSMIUM;9990.0;23;;;;;10008.0;9;;;;;9999.0;0.0
-1;31500;INTARIAN_PEPPER_ROOT;11025.0;8;;;;;11038.0;7;11040.0;11;;;11031.5;0.0
-1;31600;ASH_COATED_OSMIUM;9993.0;12;;;;;10011.0;15;;;;;10002.0;0.0
-1;31600;INTARIAN_PEPPER_ROOT;11026.0;12;11023.0;16;;;11040.0;18;;;;;11033.0;0.0
-1;31700;ASH_COATED_OSMIUM;9993.0;12;9990.0;16;;;10009.0;11;10011.0;12;;;10001.0;0.0
-1;31700;INTARIAN_PEPPER_ROOT;11023.0;15;;;;;11038.0;7;11040.0;19;;;11030.5;0.0
-1;31800;ASH_COATED_OSMIUM;9990.0;22;;;;;10009.0;9;10011.0;23;;;9999.5;0.0
-1;31800;INTARIAN_PEPPER_ROOT;11023.0;18;;;;;11038.0;6;;;;;11030.5;0.0
-1;31900;ASH_COATED_OSMIUM;9991.0;27;;;;;10009.0;7;;;;;10000.0;0.0
-1;31900;INTARIAN_PEPPER_ROOT;11023.0;14;;;;;11038.0;9;11041.0;15;;;11030.5;0.0
-1;32000;ASH_COATED_OSMIUM;9993.0;9;;;;;10009.0;8;10012.0;23;;;10001.0;0.0
-1;32000;INTARIAN_PEPPER_ROOT;11026.0;5;11023.0;17;;;11038.0;6;;;;;11032.0;0.0
-1;32100;ASH_COATED_OSMIUM;9993.0;9;9991.0;14;;;10009.0;10;10012.0;15;;;10001.0;0.0
-1;32100;INTARIAN_PEPPER_ROOT;11026.0;8;;;;;11038.0;6;11041.0;21;;;11032.0;0.0
-1;32200;ASH_COATED_OSMIUM;9993.0;11;9990.0;16;;;10009.0;10;;;;;10001.0;0.0
-1;32200;INTARIAN_PEPPER_ROOT;11026.0;9;11023.0;18;;;11038.0;10;11041.0;18;;;11032.0;0.0
-1;32300;ASH_COATED_OSMIUM;9993.0;9;9990.0;21;;;10011.0;20;;;;;10002.0;0.0
-1;32300;INTARIAN_PEPPER_ROOT;11026.0;11;11024.0;12;;;11038.0;11;;;;;11032.0;0.0
-1;32400;ASH_COATED_OSMIUM;9990.0;23;;;;;10011.0;22;;;;;10000.5;0.0
-1;32400;INTARIAN_PEPPER_ROOT;11026.0;5;;;;;;;;;;;11026.0;0.0
-1;32500;ASH_COATED_OSMIUM;9991.0;27;;;;;10009.0;11;10012.0;22;;;10000.0;0.0
-1;32500;INTARIAN_PEPPER_ROOT;11035.0;3;11026.0;7;11024.0;16;11041.0;19;;;;;11038.0;0.0
-1;32600;ASH_COATED_OSMIUM;9993.0;13;;;;;10009.0;9;10012.0;18;;;10001.0;0.0
-1;32600;INTARIAN_PEPPER_ROOT;11024.0;16;;;;;11039.0;4;11041.0;13;;;11031.5;0.0
-1;32700;ASH_COATED_OSMIUM;9991.0;15;;;;;10009.0;10;10012.0;16;;;10000.0;0.0
-1;32700;INTARIAN_PEPPER_ROOT;;;;;;;;;;;;;0.0;0.0
-1;32800;ASH_COATED_OSMIUM;9993.0;10;9990.0;21;;;10009.0;11;10011.0;18;;;10001.0;0.0
-1;32800;INTARIAN_PEPPER_ROOT;11027.0;10;11024.0;12;;;11039.0;10;11042.0;19;;;11033.0;0.0
-1;32900;ASH_COATED_OSMIUM;9991.0;22;;;;;10009.0;8;10012.0;22;;;10000.0;0.0
-1;32900;INTARIAN_PEPPER_ROOT;11027.0;9;11024.0;14;;;11039.0;9;;;;;11033.0;0.0
-1;33000;ASH_COATED_OSMIUM;9993.0;9;9990.0;16;;;10002.0;4;10009.0;7;10011.0;20;9997.5;0.0
-1;33000;INTARIAN_PEPPER_ROOT;11027.0;8;11024.0;17;;;11039.0;7;;;;;11033.0;0.0
-1;33100;ASH_COATED_OSMIUM;9992.0;7;;;;;10008.0;10;10011.0;18;;;10000.0;0.0
-1;33100;INTARIAN_PEPPER_ROOT;11024.0;19;;;;;11039.0;9;11042.0;23;;;11031.5;0.0
-1;33200;ASH_COATED_OSMIUM;9993.0;11;9990.0;20;;;10009.0;11;;;;;10001.0;0.0
-1;33200;INTARIAN_PEPPER_ROOT;11027.0;7;11024.0;15;;;11039.0;9;11042.0;15;;;11033.0;0.0
-1;33300;ASH_COATED_OSMIUM;9993.0;8;9990.0;23;;;10009.0;9;10011.0;21;;;10001.0;0.0
-1;33300;INTARIAN_PEPPER_ROOT;11036.0;6;;;;;11039.0;4;11042.0;18;;;11037.5;0.0
-1;33400;ASH_COATED_OSMIUM;9992.0;9;9990.0;18;;;10008.0;11;10011.0;15;;;10000.0;0.0
-1;33400;INTARIAN_PEPPER_ROOT;11027.0;7;11025.0;19;;;11042.0;19;;;;;11034.5;0.0
-1;33500;ASH_COATED_OSMIUM;9993.0;13;;;;;;;;;;;9993.0;0.0
-1;33500;INTARIAN_PEPPER_ROOT;11027.0;6;11025.0;11;;;11042.0;14;;;;;11034.5;0.0
-1;33600;ASH_COATED_OSMIUM;9993.0;7;9991.0;22;;;10009.0;8;10012.0;20;;;10001.0;0.0
-1;33600;INTARIAN_PEPPER_ROOT;11028.0;7;;;;;11035.0;12;11040.0;8;;;11031.5;0.0
-1;33700;ASH_COATED_OSMIUM;9991.0;22;;;;;10009.0;11;10012.0;20;;;10000.0;0.0
-1;33700;INTARIAN_PEPPER_ROOT;11028.0;6;11025.0;14;;;11040.0;9;11042.0;13;;;11034.0;0.0
-1;33800;ASH_COATED_OSMIUM;9993.0;9;;;;;10012.0;21;;;;;10002.5;0.0
-1;33800;INTARIAN_PEPPER_ROOT;11028.0;6;11025.0;18;;;;;;;;;11028.0;0.0
-1;33900;ASH_COATED_OSMIUM;9993.0;8;;;;;10009.0;7;10012.0;17;;;10001.0;0.0
-1;33900;INTARIAN_PEPPER_ROOT;11025.0;11;;;;;11040.0;8;11043.0;9;;;11032.5;0.0
-1;34000;ASH_COATED_OSMIUM;9994.0;7;9991.0;18;;;10010.0;11;10012.0;17;;;10002.0;0.0
-1;34000;INTARIAN_PEPPER_ROOT;11028.0;7;11025.0;16;;;11040.0;7;11043.0;18;;;11034.0;0.0
-1;34100;ASH_COATED_OSMIUM;9994.0;11;9991.0;22;;;10010.0;13;10012.0;23;;;10002.0;0.0
-1;34100;INTARIAN_PEPPER_ROOT;11028.0;8;11025.0;21;;;11040.0;10;11043.0;19;;;11034.0;0.0
-1;34200;ASH_COATED_OSMIUM;9994.0;10;;;;;10010.0;13;10013.0;17;;;10002.0;0.0
-1;34200;INTARIAN_PEPPER_ROOT;11028.0;8;;;;;11040.0;11;11043.0;12;;;11034.0;0.0
-1;34300;ASH_COATED_OSMIUM;9994.0;7;;;;;10010.0;9;10013.0;23;;;10002.0;0.0
-1;34300;INTARIAN_PEPPER_ROOT;11026.0;19;;;;;11040.0;8;11043.0;20;;;11033.0;0.0
-1;34400;ASH_COATED_OSMIUM;9994.0;8;9992.0;20;;;10010.0;10;10013.0;17;;;10002.0;0.0
-1;34400;INTARIAN_PEPPER_ROOT;11026.0;15;;;;;11043.0;7;;;;;11034.5;0.0
-1;34500;ASH_COATED_OSMIUM;9994.0;12;;;;;10010.0;11;10012.0;17;;;10002.0;0.0
-1;34500;INTARIAN_PEPPER_ROOT;11028.0;7;11026.0;15;;;11041.0;8;11043.0;15;;;11034.5;0.0
-1;34600;ASH_COATED_OSMIUM;9994.0;8;;;;;10010.0;9;10012.0;16;;;10002.0;0.0
-1;34600;INTARIAN_PEPPER_ROOT;11029.0;11;11026.0;17;;;11041.0;12;11043.0;15;;;11035.0;0.0
-1;34700;ASH_COATED_OSMIUM;9994.0;9;9991.0;26;;;10010.0;13;;;;;10002.0;0.0
-1;34700;INTARIAN_PEPPER_ROOT;11029.0;7;11026.0;11;;;11041.0;6;;;;;11035.0;0.0
-1;34800;ASH_COATED_OSMIUM;9994.0;10;9992.0;22;;;10010.0;12;10013.0;22;;;10002.0;0.0
-1;34800;INTARIAN_PEPPER_ROOT;11029.0;8;11026.0;16;;;11041.0;6;11044.0;13;;;11035.0;0.0
-1;34900;ASH_COATED_OSMIUM;9994.0;9;9991.0;22;;;10010.0;10;;;;;10002.0;0.0
-1;34900;INTARIAN_PEPPER_ROOT;11029.0;8;;;;;11041.0;6;11044.0;14;;;11035.0;0.0
-1;35000;ASH_COATED_OSMIUM;9994.0;10;9991.0;18;;;10010.0;10;10012.0;20;;;10002.0;0.0
-1;35000;INTARIAN_PEPPER_ROOT;11029.0;7;11026.0;18;;;11041.0;8;11044.0;17;;;11035.0;0.0
-1;35100;ASH_COATED_OSMIUM;9994.0;8;9991.0;13;;;10010.0;9;10012.0;14;;;10002.0;0.0
-1;35100;INTARIAN_PEPPER_ROOT;11029.0;6;11026.0;19;;;11044.0;18;;;;;11036.5;0.0
-1;35200;ASH_COATED_OSMIUM;9994.0;13;9991.0;17;;;10012.0;15;;;;;10003.0;0.0
-1;35200;INTARIAN_PEPPER_ROOT;11029.0;7;11026.0;12;;;11044.0;13;;;;;11036.5;0.0
-1;35300;ASH_COATED_OSMIUM;9991.0;20;;;;;10010.0;10;10012.0;23;;;10000.5;0.0
-1;35300;INTARIAN_PEPPER_ROOT;11027.0;19;;;;;11041.0;6;11044.0;15;;;11034.0;0.0
-1;35400;ASH_COATED_OSMIUM;9994.0;10;;;;;10010.0;10;10013.0;18;;;10002.0;0.0
-1;35400;INTARIAN_PEPPER_ROOT;11027.0;14;;;;;11044.0;14;;;;;11035.5;0.0
-1;35500;ASH_COATED_OSMIUM;9992.0;17;;;;;10010.0;9;10013.0;17;;;10001.0;0.0
-1;35500;INTARIAN_PEPPER_ROOT;11029.0;5;11027.0;17;;;11042.0;6;11044.0;20;;;11035.5;0.0
-1;35600;ASH_COATED_OSMIUM;;;;;;;10011.0;12;;;;;10011.0;0.0
-1;35600;INTARIAN_PEPPER_ROOT;11027.0;18;;;;;11042.0;6;11044.0;14;;;11034.5;0.0
-1;35700;ASH_COATED_OSMIUM;9994.0;9;;;;;10010.0;10;10013.0;19;;;10002.0;0.0
-1;35700;INTARIAN_PEPPER_ROOT;11039.0;3;11030.0;5;;;11042.0;8;11044.0;18;;;11040.5;0.0
-1;35800;ASH_COATED_OSMIUM;9994.0;8;;;;;10010.0;8;10013.0;21;;;10002.0;0.0
-1;35800;INTARIAN_PEPPER_ROOT;11030.0;7;;;;;11032.0;5;11042.0;9;11045.0;15;11031.0;0.0
-1;35900;ASH_COATED_OSMIUM;9995.0;8;9992.0;16;;;10011.0;8;;;;;10003.0;0.0
-1;35900;INTARIAN_PEPPER_ROOT;11030.0;9;;;;;11042.0;9;11045.0;17;;;11036.0;0.0
-1;36000;ASH_COATED_OSMIUM;9992.0;19;;;;;10010.0;9;;;;;10001.0;0.0
-1;36000;INTARIAN_PEPPER_ROOT;11030.0;6;11027.0;11;;;11042.0;8;11045.0;9;;;11036.0;0.0
-1;36100;ASH_COATED_OSMIUM;9995.0;13;;;;;10011.0;15;10013.0;23;;;10003.0;0.0
-1;36100;INTARIAN_PEPPER_ROOT;11030.0;9;11027.0;18;;;;;;;;;11030.0;0.0
-1;36200;ASH_COATED_OSMIUM;9995.0;13;;;;;10011.0;11;10013.0;22;;;10003.0;0.0
-1;36200;INTARIAN_PEPPER_ROOT;11027.0;13;;;;;11045.0;12;;;;;11036.0;0.0
-1;36300;ASH_COATED_OSMIUM;9995.0;11;9992.0;15;;;10011.0;15;10013.0;18;;;10003.0;0.0
-1;36300;INTARIAN_PEPPER_ROOT;11030.0;5;11028.0;13;;;11042.0;7;11045.0;11;;;11036.0;0.0
-1;36400;ASH_COATED_OSMIUM;9995.0;11;9992.0;21;;;10013.0;22;;;;;10004.0;0.0
-1;36400;INTARIAN_PEPPER_ROOT;11030.0;6;;;;;11045.0;21;;;;;11037.5;0.0
-1;36500;ASH_COATED_OSMIUM;;;;;;;10013.0;20;;;;;10013.0;0.0
-1;36500;INTARIAN_PEPPER_ROOT;11030.0;5;;;;;11043.0;6;11045.0;15;;;11036.5;0.0
-1;36600;ASH_COATED_OSMIUM;9994.0;13;9991.0;18;;;10010.0;13;10012.0;21;;;10002.0;0.0
-1;36600;INTARIAN_PEPPER_ROOT;11028.0;15;;;;;11043.0;7;;;;;11035.5;0.0
-1;36700;ASH_COATED_OSMIUM;9994.0;11;9992.0;21;;;10010.0;10;10013.0;21;;;10002.0;0.0
-1;36700;INTARIAN_PEPPER_ROOT;11031.0;6;11028.0;14;;;11043.0;10;11045.0;17;;;11037.0;0.0
-1;36800;ASH_COATED_OSMIUM;9992.0;18;;;;;10013.0;14;;;;;10002.5;0.0
-1;36800;INTARIAN_PEPPER_ROOT;11031.0;9;11028.0;14;;;11043.0;7;11046.0;14;;;11037.0;0.0
-1;36900;ASH_COATED_OSMIUM;9995.0;8;9992.0;14;;;10011.0;9;10013.0;19;;;10003.0;0.0
-1;36900;INTARIAN_PEPPER_ROOT;11031.0;9;11028.0;13;;;11043.0;10;;;;;11037.0;0.0
-1;37000;ASH_COATED_OSMIUM;9992.0;23;;;;;10013.0;21;;;;;10002.5;0.0
-1;37000;INTARIAN_PEPPER_ROOT;11031.0;9;11028.0;19;;;11043.0;7;11046.0;14;;;11037.0;0.0
-1;37100;ASH_COATED_OSMIUM;9995.0;11;9992.0;19;;;10011.0;11;;;;;10003.0;0.0
-1;37100;INTARIAN_PEPPER_ROOT;11028.0;23;;;;;11043.0;8;;;;;11035.5;0.0
-1;37200;ASH_COATED_OSMIUM;9995.0;13;9993.0;18;;;10011.0;9;10014.0;20;;;10003.0;0.0
-1;37200;INTARIAN_PEPPER_ROOT;;;;;;;11043.0;9;;;;;11043.0;0.0
-1;37300;ASH_COATED_OSMIUM;9993.0;23;;;;;10011.0;7;10014.0;23;;;10002.0;0.0
-1;37300;INTARIAN_PEPPER_ROOT;11029.0;17;;;;;11043.0;7;;;;;11036.0;0.0
-1;37400;ASH_COATED_OSMIUM;9995.0;11;9993.0;15;;;10011.0;12;10014.0;16;;;10003.0;0.0
-1;37400;INTARIAN_PEPPER_ROOT;11031.0;6;;;;;11043.0;9;;;;;11037.0;0.0
-1;37500;ASH_COATED_OSMIUM;9995.0;14;9993.0;19;;;10014.0;19;;;;;10004.5;0.0
-1;37500;INTARIAN_PEPPER_ROOT;11031.0;6;11029.0;21;;;11044.0;8;11046.0;21;;;11037.5;0.0
-1;37600;ASH_COATED_OSMIUM;;;;;;;10011.0;8;;;;;10011.0;0.0
-1;37600;INTARIAN_PEPPER_ROOT;11032.0;9;11029.0;19;;;11044.0;8;11046.0;17;;;11038.0;0.0
-1;37700;ASH_COATED_OSMIUM;9996.0;12;9993.0;16;;;10012.0;11;10014.0;14;;;10004.0;0.0
-1;37700;INTARIAN_PEPPER_ROOT;11032.0;12;;;;;11046.0;11;;;;;11039.0;0.0
-1;37800;ASH_COATED_OSMIUM;10005.0;8;9996.0;10;9993.0;20;10014.0;19;;;;;10009.5;0.0
-1;37800;INTARIAN_PEPPER_ROOT;11032.0;6;11029.0;21;;;11047.0;20;;;;;11039.5;0.0
-1;37900;ASH_COATED_OSMIUM;9996.0;6;9993.0;23;;;10012.0;10;10014.0;21;;;10004.0;0.0
-1;37900;INTARIAN_PEPPER_ROOT;11029.0;20;;;;;11044.0;7;11047.0;17;;;11036.5;0.0
-1;38000;ASH_COATED_OSMIUM;9996.0;11;9994.0;17;;;10012.0;10;10015.0;18;;;10004.0;0.0
-1;38000;INTARIAN_PEPPER_ROOT;11032.0;10;11029.0;19;;;11044.0;10;11047.0;17;;;11038.0;0.0
-1;38100;ASH_COATED_OSMIUM;9993.0;24;;;;;10014.0;21;;;;;10003.5;0.0
-1;38100;INTARIAN_PEPPER_ROOT;11032.0;6;;;;;11040.0;9;11044.0;9;11047.0;15;11036.0;0.0
-1;38200;ASH_COATED_OSMIUM;9993.0;21;;;;;10012.0;11;;;;;10002.5;0.0
-1;38200;INTARIAN_PEPPER_ROOT;11032.0;5;11029.0;13;;;11044.0;7;11047.0;11;;;11038.0;0.0
-1;38300;ASH_COATED_OSMIUM;9993.0;19;;;;;10012.0;10;10014.0;19;;;10002.5;0.0
-1;38300;INTARIAN_PEPPER_ROOT;11032.0;9;11030.0;18;;;11044.0;7;11047.0;17;;;11038.0;0.0
-1;38400;ASH_COATED_OSMIUM;9996.0;8;9993.0;21;;;10012.0;10;10014.0;19;;;10004.0;0.0
-1;38400;INTARIAN_PEPPER_ROOT;11032.0;8;11030.0;18;;;11035.0;8;11044.0;8;11047.0;20;11033.5;0.0
-1;38500;ASH_COATED_OSMIUM;9995.0;9;9993.0;17;;;10011.0;11;10014.0;18;;;10003.0;0.0
-1;38500;INTARIAN_PEPPER_ROOT;;;;;;;11047.0;13;;;;;11047.0;0.0
-1;38600;ASH_COATED_OSMIUM;9996.0;9;;;;;10012.0;6;10014.0;24;;;10004.0;0.0
-1;38600;INTARIAN_PEPPER_ROOT;11033.0;7;11030.0;20;;;11047.0;20;;;;;11040.0;0.0
-1;38700;ASH_COATED_OSMIUM;9995.0;10;9993.0;20;;;10011.0;8;10014.0;17;;;10003.0;0.0
-1;38700;INTARIAN_PEPPER_ROOT;11033.0;9;11030.0;16;;;11045.0;11;11047.0;8;;;11039.0;0.0
-1;38800;ASH_COATED_OSMIUM;9996.0;11;;;;;10012.0;12;10014.0;17;;;10004.0;0.0
-1;38800;INTARIAN_PEPPER_ROOT;11033.0;8;;;;;11045.0;6;;;;;11039.0;0.0
-1;38900;ASH_COATED_OSMIUM;9992.0;14;;;;;10011.0;13;10013.0;17;;;10001.5;0.0
-1;38900;INTARIAN_PEPPER_ROOT;11033.0;7;11030.0;12;;;11045.0;8;11048.0;12;;;11039.0;0.0
-1;39000;ASH_COATED_OSMIUM;9992.0;24;;;;;10011.0;7;;;;;10001.5;0.0
-1;39000;INTARIAN_PEPPER_ROOT;11030.0;16;;;;;11045.0;6;;;;;11037.5;0.0
-1;39100;ASH_COATED_OSMIUM;9995.0;9;9992.0;21;;;10011.0;7;10013.0;14;;;10003.0;0.0
-1;39100;INTARIAN_PEPPER_ROOT;11033.0;10;11030.0;21;;;11045.0;8;11048.0;18;;;11039.0;0.0
-1;39200;ASH_COATED_OSMIUM;9995.0;10;;;;;;;;;;;9995.0;0.0
-1;39200;INTARIAN_PEPPER_ROOT;11033.0;11;;;;;11045.0;9;11048.0;16;;;11039.0;0.0
-1;39300;ASH_COATED_OSMIUM;9993.0;19;;;;;10011.0;8;10014.0;15;;;10002.0;0.0
-1;39300;INTARIAN_PEPPER_ROOT;11033.0;8;11031.0;20;;;11045.0;7;;;;;11039.0;0.0
-1;39400;ASH_COATED_OSMIUM;9995.0;12;9992.0;22;;;10011.0;13;;;;;10003.0;0.0
-1;39400;INTARIAN_PEPPER_ROOT;11033.0;8;;;;;11045.0;6;;;;;11039.0;0.0
-1;39500;ASH_COATED_OSMIUM;9995.0;11;;;;;10011.0;11;10013.0;15;;;10003.0;0.0
-1;39500;INTARIAN_PEPPER_ROOT;11033.0;8;11031.0;18;;;;;;;;;11033.0;0.0
-1;39600;ASH_COATED_OSMIUM;9995.0;12;;;;;10011.0;9;10013.0;23;;;10003.0;0.0
-1;39600;INTARIAN_PEPPER_ROOT;11034.0;7;11031.0;20;;;11046.0;6;11048.0;22;;;11040.0;0.0
-1;39700;ASH_COATED_OSMIUM;9995.0;10;9992.0;16;;;10011.0;11;10013.0;16;;;10003.0;0.0
-1;39700;INTARIAN_PEPPER_ROOT;11034.0;8;11031.0;13;;;11046.0;8;11048.0;15;;;11040.0;0.0
-1;39800;ASH_COATED_OSMIUM;9995.0;8;;;;;10011.0;9;10013.0;22;;;10003.0;0.0
-1;39800;INTARIAN_PEPPER_ROOT;11034.0;7;;;;;11046.0;10;;;;;11040.0;0.0
-1;39900;ASH_COATED_OSMIUM;9992.0;18;;;;;10013.0;17;;;;;10002.5;0.0
-1;39900;INTARIAN_PEPPER_ROOT;11034.0;10;11031.0;15;;;11046.0;9;11049.0;19;;;11040.0;0.0
-1;40000;ASH_COATED_OSMIUM;9995.0;11;9992.0;24;;;10011.0;11;10013.0;26;;;10003.0;0.0
-1;40000;INTARIAN_PEPPER_ROOT;11034.0;8;11031.0;18;;;11046.0;10;;;;;11040.0;0.0
-1;40100;ASH_COATED_OSMIUM;9995.0;11;9992.0;24;;;10011.0;12;;;;;10003.0;0.0
-1;40100;INTARIAN_PEPPER_ROOT;11031.0;14;;;;;11049.0;15;;;;;11040.0;0.0
-1;40200;ASH_COATED_OSMIUM;9994.0;11;;;;;10010.0;13;10013.0;18;;;10002.0;0.0
-1;40200;INTARIAN_PEPPER_ROOT;11034.0;7;11031.0;18;;;11049.0;16;;;;;11041.5;0.0
-1;40300;ASH_COATED_OSMIUM;9995.0;7;9992.0;21;;;10011.0;10;;;;;10003.0;0.0
-1;40300;INTARIAN_PEPPER_ROOT;11034.0;8;;;;;11046.0;7;11049.0;14;;;11040.0;0.0
-1;40400;ASH_COATED_OSMIUM;9992.0;18;;;;;10011.0;9;10013.0;16;;;10001.5;0.0
-1;40400;INTARIAN_PEPPER_ROOT;11034.0;6;11032.0;16;;;11046.0;6;11049.0;16;;;11040.0;0.0
-1;40500;ASH_COATED_OSMIUM;9994.0;13;9991.0;15;;;10010.0;14;10012.0;14;;;10002.0;0.0
-1;40500;INTARIAN_PEPPER_ROOT;11032.0;15;;;;;11047.0;7;11049.0;14;;;11039.5;0.0
-1;40600;ASH_COATED_OSMIUM;9994.0;12;;;;;10010.0;8;10012.0;22;;;10002.0;0.0
-1;40600;INTARIAN_PEPPER_ROOT;11035.0;8;11032.0;15;;;11047.0;10;;;;;11041.0;0.0
-1;40700;ASH_COATED_OSMIUM;9994.0;6;9992.0;16;;;10010.0;9;;;;;10002.0;0.0
-1;40700;INTARIAN_PEPPER_ROOT;11035.0;4;;;;;11049.0;13;;;;;11042.0;0.0
-1;40800;ASH_COATED_OSMIUM;9994.0;10;;;;;10010.0;11;10012.0;19;;;10002.0;0.0
-1;40800;INTARIAN_PEPPER_ROOT;11035.0;10;;;;;11047.0;9;11050.0;20;;;11041.0;0.0
-1;40900;ASH_COATED_OSMIUM;9991.0;13;;;;;10012.0;14;;;;;10001.5;0.0
-1;40900;INTARIAN_PEPPER_ROOT;11035.0;7;11032.0;12;;;11050.0;11;;;;;11042.5;0.0
-1;41000;ASH_COATED_OSMIUM;9993.0;12;;;;;10009.0;12;10012.0;22;;;10001.0;0.0
-1;41000;INTARIAN_PEPPER_ROOT;11032.0;14;;;;;11047.0;10;11050.0;20;;;11039.5;0.0
-1;41100;ASH_COATED_OSMIUM;9993.0;10;9991.0;17;;;10009.0;12;10012.0;15;;;10001.0;0.0
-1;41100;INTARIAN_PEPPER_ROOT;11035.0;6;;;;;11047.0;5;11050.0;13;;;11041.0;0.0
-1;41200;ASH_COATED_OSMIUM;;;;;;;10012.0;19;;;;;10012.0;0.0
-1;41200;INTARIAN_PEPPER_ROOT;11035.0;5;;;;;11047.0;9;11050.0;11;;;11041.0;0.0
-1;41300;ASH_COATED_OSMIUM;9993.0;7;9991.0;24;;;10009.0;8;10012.0;21;;;10001.0;0.0
-1;41300;INTARIAN_PEPPER_ROOT;11035.0;5;11033.0;20;;;11047.0;6;11050.0;17;;;11041.0;0.0
-1;41400;ASH_COATED_OSMIUM;9993.0;10;9991.0;21;;;10009.0;10;;;;;10001.0;0.0
-1;41400;INTARIAN_PEPPER_ROOT;11035.0;7;;;;;11047.0;9;11050.0;16;;;11041.0;0.0
-1;41500;ASH_COATED_OSMIUM;9993.0;9;9990.0;16;;;10009.0;11;10011.0;17;;;10001.0;0.0
-1;41500;INTARIAN_PEPPER_ROOT;11035.0;9;11033.0;22;;;;;;;;;11035.0;0.0
-1;41600;ASH_COATED_OSMIUM;9992.0;10;9990.0;21;;;10008.0;9;10011.0;24;;;10000.0;0.0
-1;41600;INTARIAN_PEPPER_ROOT;11036.0;10;11033.0;12;;;11048.0;8;;;;;11042.0;0.0
-1;41700;ASH_COATED_OSMIUM;9989.0;18;;;;;10010.0;19;;;;;9999.5;0.0
-1;41700;INTARIAN_PEPPER_ROOT;11045.0;4;11036.0;10;11033.0;20;11048.0;10;11050.0;19;;;11046.5;0.0
-1;41800;ASH_COATED_OSMIUM;10001.0;3;9992.0;11;9989.0;20;10008.0;8;10010.0;20;;;10004.5;0.0
-1;41800;INTARIAN_PEPPER_ROOT;11036.0;10;11033.0;18;;;11048.0;11;11051.0;15;;;11042.0;0.0
-1;41900;ASH_COATED_OSMIUM;9989.0;16;;;;;10008.0;12;;;;;9998.5;0.0
-1;41900;INTARIAN_PEPPER_ROOT;11033.0;17;;;;;11048.0;11;11051.0;17;;;11040.5;0.0
-1;42000;ASH_COATED_OSMIUM;9990.0;23;;;;;10008.0;6;10011.0;22;;;9999.0;0.0
-1;42000;INTARIAN_PEPPER_ROOT;11036.0;6;11033.0;17;;;11038.0;8;11044.0;10;11048.0;5;11037.0;0.0
-1;42100;ASH_COATED_OSMIUM;9992.0;12;9990.0;19;;;10008.0;8;10011.0;19;;;10000.0;0.0
-1;42100;INTARIAN_PEPPER_ROOT;11036.0;10;11033.0;14;;;11048.0;8;11051.0;12;;;11042.0;0.0
-1;42200;ASH_COATED_OSMIUM;9992.0;10;;;;;10008.0;9;10011.0;15;;;10000.0;0.0
-1;42200;INTARIAN_PEPPER_ROOT;11033.0;18;;;;;11048.0;7;11051.0;20;;;11040.5;0.0
-1;42300;ASH_COATED_OSMIUM;9989.0;17;;;;;10008.0;10;10010.0;18;;;9998.5;0.0
-1;42300;INTARIAN_PEPPER_ROOT;11034.0;11;;;;;11048.0;8;11051.0;10;;;11041.0;0.0
-1;42400;ASH_COATED_OSMIUM;9992.0;11;;;;;;;;;;;9992.0;0.0
-1;42400;INTARIAN_PEPPER_ROOT;11036.0;10;11034.0;21;;;11048.0;10;;;;;11042.0;0.0
-1;42500;ASH_COATED_OSMIUM;9997.0;4;9991.0;10;9989.0;22;10007.0;11;10010.0;24;;;10002.0;0.0
-1;42500;INTARIAN_PEPPER_ROOT;;;;;;;11049.0;7;;;;;11049.0;0.0
-1;42600;ASH_COATED_OSMIUM;9991.0;15;9988.0;22;;;10007.0;11;10009.0;22;;;9999.0;0.0
-1;42600;INTARIAN_PEPPER_ROOT;11034.0;21;;;;;11049.0;9;11051.0;19;;;11041.5;0.0
-1;42700;ASH_COATED_OSMIUM;9989.0;20;;;;;10007.0;9;10009.0;20;;;9998.0;0.0
-1;42700;INTARIAN_PEPPER_ROOT;11034.0;16;;;;;11049.0;9;;;;;11041.5;0.0
-1;42800;ASH_COATED_OSMIUM;9992.0;13;9989.0;19;;;10008.0;13;10010.0;19;;;10000.0;0.0
-1;42800;INTARIAN_PEPPER_ROOT;11037.0;5;11034.0;16;;;11052.0;18;;;;;11044.5;0.0
-1;42900;ASH_COATED_OSMIUM;9990.0;15;;;;;10008.0;10;10011.0;19;;;9999.0;0.0
-1;42900;INTARIAN_PEPPER_ROOT;11037.0;8;11034.0;19;;;11049.0;3;11052.0;19;;;11043.0;0.0
-1;43000;ASH_COATED_OSMIUM;9990.0;24;;;;;10002.0;3;;;;;9996.0;0.0
-1;43000;INTARIAN_PEPPER_ROOT;11034.0;10;;;;;11039.0;7;11049.0;6;11052.0;8;11036.5;0.0
-1;43100;ASH_COATED_OSMIUM;9992.0;11;9990.0;17;;;10008.0;10;10011.0;17;;;10000.0;0.0
-1;43100;INTARIAN_PEPPER_ROOT;11037.0;9;11034.0;17;;;11049.0;8;11052.0;20;;;11043.0;0.0
-1;43200;ASH_COATED_OSMIUM;9993.0;8;9990.0;21;;;10009.0;10;10011.0;19;;;10001.0;0.0
-1;43200;INTARIAN_PEPPER_ROOT;;;;;;;11049.0;8;11052.0;21;;;11049.0;0.0
-1;43300;ASH_COATED_OSMIUM;9993.0;10;9990.0;23;;;10009.0;9;10011.0;26;;;10001.0;0.0
-1;43300;INTARIAN_PEPPER_ROOT;11037.0;8;11035.0;13;;;11052.0;13;;;;;11044.5;0.0
-1;43400;ASH_COATED_OSMIUM;9992.0;12;9990.0;20;;;10008.0;9;;;;;10000.0;0.0
-1;43400;INTARIAN_PEPPER_ROOT;11037.0;6;11035.0;16;;;11049.0;7;11052.0;18;;;11043.0;0.0
-1;43500;ASH_COATED_OSMIUM;9992.0;10;9990.0;17;;;10008.0;9;10011.0;20;;;10000.0;0.0
-1;43500;INTARIAN_PEPPER_ROOT;11037.0;9;11035.0;14;;;11050.0;9;11052.0;15;;;11043.5;0.0
-1;43600;ASH_COATED_OSMIUM;9989.0;21;;;;;10008.0;9;;;;;9998.5;0.0
-1;43600;INTARIAN_PEPPER_ROOT;11038.0;7;11035.0;15;;;11050.0;8;11052.0;15;;;11044.0;0.0
-1;43700;ASH_COATED_OSMIUM;9992.0;9;9989.0;17;;;10008.0;8;10010.0;22;;;10000.0;0.0
-1;43700;INTARIAN_PEPPER_ROOT;11038.0;5;;;;;11050.0;9;11052.0;18;;;11044.0;0.0
-1;43800;ASH_COATED_OSMIUM;;;;;;;10008.0;8;10010.0;24;;;10008.0;0.0
-1;43800;INTARIAN_PEPPER_ROOT;11038.0;9;;;;;11050.0;11;11053.0;17;;;11044.0;0.0
-1;43900;ASH_COATED_OSMIUM;9992.0;13;9989.0;22;;;10008.0;11;10010.0;19;;;10000.0;0.0
-1;43900;INTARIAN_PEPPER_ROOT;11038.0;5;11035.0;17;;;11050.0;7;11053.0;16;;;11044.0;0.0
-1;44000;ASH_COATED_OSMIUM;;;;;;;10010.0;19;;;;;10010.0;0.0
-1;44000;INTARIAN_PEPPER_ROOT;11038.0;6;11035.0;20;;;11050.0;6;11053.0;19;;;11044.0;0.0
-1;44100;ASH_COATED_OSMIUM;9991.0;8;9988.0;21;;;10009.0;22;;;;;10000.0;0.0
-1;44100;INTARIAN_PEPPER_ROOT;11038.0;8;11035.0;14;;;11050.0;9;;;;;11044.0;0.0
-1;44200;ASH_COATED_OSMIUM;9990.0;8;9988.0;19;;;9996.0;7;10006.0;7;10009.0;13;9993.0;0.0
-1;44200;INTARIAN_PEPPER_ROOT;11038.0;7;11035.0;15;;;11050.0;9;11053.0;16;;;11044.0;0.0
-1;44300;ASH_COATED_OSMIUM;9991.0;10;9988.0;21;;;10009.0;24;;;;;10000.0;0.0
-1;44300;INTARIAN_PEPPER_ROOT;11038.0;7;11036.0;13;;;11053.0;19;;;;;11045.5;0.0
-1;44400;ASH_COATED_OSMIUM;9991.0;9;9988.0;27;;;10007.0;10;10009.0;17;;;9999.0;0.0
-1;44400;INTARIAN_PEPPER_ROOT;11036.0;15;;;;;11046.0;8;;;;;11041.0;0.0
-1;44500;ASH_COATED_OSMIUM;9991.0;6;;;;;10007.0;7;10009.0;23;;;9999.0;0.0
-1;44500;INTARIAN_PEPPER_ROOT;11038.0;7;11036.0;24;;;11051.0;5;11053.0;19;;;11044.5;0.0
-1;44600;ASH_COATED_OSMIUM;9991.0;10;;;;;10010.0;18;;;;;10000.5;0.0
-1;44600;INTARIAN_PEPPER_ROOT;11036.0;18;;;;;11051.0;6;11053.0;18;;;11043.5;0.0
-1;44700;ASH_COATED_OSMIUM;9992.0;8;9989.0;20;;;10008.0;8;;;;;10000.0;0.0
-1;44700;INTARIAN_PEPPER_ROOT;11039.0;10;11036.0;16;;;11041.0;6;11051.0;10;11053.0;20;11040.0;0.0
-1;44800;ASH_COATED_OSMIUM;9991.0;9;9989.0;16;;;9997.0;4;10007.0;10;10010.0;17;9994.0;0.0
-1;44800;INTARIAN_PEPPER_ROOT;11039.0;5;11036.0;19;;;;;;;;;11039.0;0.0
-1;44900;ASH_COATED_OSMIUM;9991.0;12;;;;;10007.0;11;10010.0;21;;;9999.0;0.0
-1;44900;INTARIAN_PEPPER_ROOT;11039.0;12;11036.0;15;;;11051.0;8;;;;;11045.0;0.0
-1;45000;ASH_COATED_OSMIUM;9991.0;10;9989.0;17;;;10007.0;13;10010.0;18;;;9999.0;0.0
-1;45000;INTARIAN_PEPPER_ROOT;11039.0;12;11036.0;18;;;11051.0;11;;;;;11045.0;0.0
-1;45100;ASH_COATED_OSMIUM;9991.0;11;9989.0;18;;;10007.0;11;10010.0;17;;;9999.0;0.0
-1;45100;INTARIAN_PEPPER_ROOT;11039.0;8;11036.0;17;;;11051.0;10;;;;;11045.0;0.0
-1;45200;ASH_COATED_OSMIUM;9992.0;9;9989.0;21;;;9997.0;4;10010.0;24;;;9994.5;0.0
-1;45200;INTARIAN_PEPPER_ROOT;11039.0;8;;;;;;;;;;;11039.0;0.0
-1;45300;ASH_COATED_OSMIUM;9992.0;10;;;;;;;;;;;9992.0;0.0
-1;45300;INTARIAN_PEPPER_ROOT;11037.0;18;;;;;;;;;;;11037.0;0.0
-1;45400;ASH_COATED_OSMIUM;9992.0;7;9989.0;18;;;10008.0;7;10010.0;20;;;10000.0;0.0
-1;45400;INTARIAN_PEPPER_ROOT;11039.0;12;11037.0;19;;;11051.0;9;11054.0;20;;;11045.0;0.0
-1;45500;ASH_COATED_OSMIUM;9992.0;8;9989.0;19;;;10008.0;8;10010.0;20;;;10000.0;0.0
-1;45500;INTARIAN_PEPPER_ROOT;11039.0;9;;;;;11052.0;7;;;;;11045.5;0.0
-1;45600;ASH_COATED_OSMIUM;9992.0;12;9989.0;19;;;10008.0;7;10010.0;20;;;10000.0;0.0
-1;45600;INTARIAN_PEPPER_ROOT;11037.0;19;;;;;11054.0;14;;;;;11045.5;0.0
-1;45700;ASH_COATED_OSMIUM;9992.0;9;9989.0;23;;;10008.0;9;;;;;10000.0;0.0
-1;45700;INTARIAN_PEPPER_ROOT;11040.0;8;11037.0;23;;;11052.0;5;;;;;11046.0;0.0
-1;45800;ASH_COATED_OSMIUM;9991.0;13;9989.0;20;;;10007.0;9;;;;;9999.0;0.0
-1;45800;INTARIAN_PEPPER_ROOT;11040.0;7;;;;;11055.0;14;;;;;11047.5;0.0
-1;45900;ASH_COATED_OSMIUM;9991.0;11;;;;;10010.0;21;;;;;10000.5;0.0
-1;45900;INTARIAN_PEPPER_ROOT;11040.0;4;;;;;11052.0;6;11055.0;12;;;11046.0;0.0
-1;46000;ASH_COATED_OSMIUM;9989.0;25;;;;;;;;;;;9989.0;0.0
-1;46000;INTARIAN_PEPPER_ROOT;11040.0;9;11037.0;16;;;11052.0;10;;;;;11046.0;0.0
-1;46100;ASH_COATED_OSMIUM;9988.0;17;;;;;10007.0;7;10009.0;20;;;9997.5;0.0
-1;46100;INTARIAN_PEPPER_ROOT;11040.0;6;;;;;11052.0;8;11055.0;20;;;11046.0;0.0
-1;46200;ASH_COATED_OSMIUM;9991.0;6;9988.0;18;;;10007.0;9;10009.0;18;;;9999.0;0.0
-1;46200;INTARIAN_PEPPER_ROOT;11040.0;7;;;;;11052.0;7;;;;;11046.0;0.0
-1;46300;ASH_COATED_OSMIUM;9991.0;9;;;;;10000.0;1;10009.0;22;;;9995.5;0.0
-1;46300;INTARIAN_PEPPER_ROOT;11040.0;10;11038.0;20;;;11052.0;9;11055.0;17;;;11046.0;0.0
-1;46400;ASH_COATED_OSMIUM;9989.0;21;;;;;10007.0;12;10010.0;19;;;9998.0;0.0
-1;46400;INTARIAN_PEPPER_ROOT;11040.0;8;;;;;11052.0;8;11055.0;11;;;11046.0;0.0
-1;46500;ASH_COATED_OSMIUM;10001.0;6;9991.0;11;9989.0;15;10010.0;19;;;;;10005.5;0.0
-1;46500;INTARIAN_PEPPER_ROOT;11040.0;6;11038.0;14;;;11053.0;6;11055.0;15;;;11046.5;0.0
-1;46600;ASH_COATED_OSMIUM;9992.0;9;9989.0;18;;;10008.0;9;10010.0;16;;;10000.0;0.0
-1;46600;INTARIAN_PEPPER_ROOT;11041.0;6;11038.0;19;;;;;;;;;11041.0;0.0
-1;46700;ASH_COATED_OSMIUM;9992.0;12;9989.0;22;;;10008.0;12;;;;;10000.0;0.0
-1;46700;INTARIAN_PEPPER_ROOT;11038.0;16;;;;;11053.0;7;;;;;11045.5;0.0
-1;46800;ASH_COATED_OSMIUM;9992.0;10;9990.0;21;;;10008.0;11;10011.0;24;;;10000.0;0.0
-1;46800;INTARIAN_PEPPER_ROOT;11041.0;10;11038.0;18;;;11043.0;5;11053.0;10;11056.0;20;11042.0;0.0
-1;46900;ASH_COATED_OSMIUM;9990.0;19;;;;;10008.0;10;10011.0;17;;;9999.0;0.0
-1;46900;INTARIAN_PEPPER_ROOT;11041.0;7;11038.0;15;;;11053.0;7;;;;;11047.0;0.0
-1;47000;ASH_COATED_OSMIUM;9992.0;9;9989.0;20;;;10001.0;2;10008.0;13;10010.0;19;9996.5;0.0
-1;47000;INTARIAN_PEPPER_ROOT;11038.0;17;;;;;11053.0;6;11056.0;16;;;11045.5;0.0
-1;47100;ASH_COATED_OSMIUM;9997.0;2;9992.0;13;9989.0;25;10008.0;12;10010.0;23;;;10002.5;0.0
-1;47100;INTARIAN_PEPPER_ROOT;11041.0;10;11038.0;20;;;11053.0;9;11056.0;18;;;11047.0;0.0
-1;47200;ASH_COATED_OSMIUM;9992.0;7;;;;;10008.0;10;10010.0;19;;;10000.0;0.0
-1;47200;INTARIAN_PEPPER_ROOT;11041.0;6;11038.0;16;;;11053.0;7;11056.0;15;;;11047.0;0.0
-1;47300;ASH_COATED_OSMIUM;9998.0;3;9992.0;11;;;10008.0;12;10011.0;21;;;10003.0;0.0
-1;47300;INTARIAN_PEPPER_ROOT;11041.0;10;11039.0;12;;;11053.0;9;11056.0;11;;;11047.0;0.0
-1;47400;ASH_COATED_OSMIUM;9992.0;9;;;;;10008.0;10;10011.0;18;;;10000.0;0.0
-1;47400;INTARIAN_PEPPER_ROOT;11041.0;6;11039.0;22;;;11053.0;8;11056.0;17;;;11047.0;0.0
-1;47500;ASH_COATED_OSMIUM;9993.0;8;9990.0;17;;;;;;;;;9993.0;0.0
-1;47500;INTARIAN_PEPPER_ROOT;11041.0;9;11039.0;12;;;11054.0;8;11056.0;15;;;11047.5;0.0
-1;47600;ASH_COATED_OSMIUM;9993.0;11;9991.0;24;;;10009.0;10;;;;;10001.0;0.0
-1;47600;INTARIAN_PEPPER_ROOT;11042.0;11;11039.0;16;;;11054.0;10;11056.0;12;;;11048.0;0.0
-1;47700;ASH_COATED_OSMIUM;9993.0;10;9991.0;18;;;10009.0;6;10012.0;20;;;10001.0;0.0
-1;47700;INTARIAN_PEPPER_ROOT;11042.0;7;;;;;11056.0;20;;;;;11049.0;0.0
-1;47800;ASH_COATED_OSMIUM;9993.0;14;9990.0;20;;;10009.0;12;10011.0;20;;;10001.0;0.0
-1;47800;INTARIAN_PEPPER_ROOT;11042.0;6;11039.0;14;;;11054.0;8;11057.0;14;;;11048.0;0.0
-1;47900;ASH_COATED_OSMIUM;9993.0;13;9991.0;16;;;10009.0;11;10012.0;22;;;10001.0;0.0
-1;47900;INTARIAN_PEPPER_ROOT;11039.0;17;;;;;11054.0;6;11057.0;19;;;11046.5;0.0
-1;48000;ASH_COATED_OSMIUM;9993.0;10;9991.0;21;;;10009.0;11;10012.0;23;;;10001.0;0.0
-1;48000;INTARIAN_PEPPER_ROOT;11042.0;6;11039.0;14;;;11057.0;12;;;;;11049.5;0.0
-1;48100;ASH_COATED_OSMIUM;9991.0;18;;;;;10009.0;9;10012.0;18;;;10000.0;0.0
-1;48100;INTARIAN_PEPPER_ROOT;11051.0;7;11042.0;7;;;11057.0;17;;;;;11054.0;0.0
-1;48200;ASH_COATED_OSMIUM;9990.0;17;;;;;10009.0;10;10011.0;18;;;9999.5;0.0
-1;48200;INTARIAN_PEPPER_ROOT;11042.0;6;11039.0;16;;;11054.0;9;11057.0;17;;;11048.0;0.0
-1;48300;ASH_COATED_OSMIUM;9993.0;11;9990.0;19;;;10009.0;7;10011.0;21;;;10001.0;0.0
-1;48300;INTARIAN_PEPPER_ROOT;11042.0;8;11040.0;12;;;11054.0;7;11057.0;12;;;11048.0;0.0
-1;48400;ASH_COATED_OSMIUM;9993.0;11;9991.0;19;;;10009.0;7;10012.0;18;;;10001.0;0.0
-1;48400;INTARIAN_PEPPER_ROOT;11040.0;14;;;;;11054.0;10;;;;;11047.0;0.0
-1;48500;ASH_COATED_OSMIUM;9994.0;12;9991.0;21;;;10012.0;23;;;;;10003.0;0.0
-1;48500;INTARIAN_PEPPER_ROOT;11042.0;5;11040.0;12;;;11055.0;6;11057.0;12;;;11048.5;0.0
-1;48600;ASH_COATED_OSMIUM;9994.0;8;9991.0;18;;;10010.0;10;10012.0;17;;;10002.0;0.0
-1;48600;INTARIAN_PEPPER_ROOT;11043.0;10;11040.0;22;;;11055.0;9;;;;;11049.0;0.0
-1;48700;ASH_COATED_OSMIUM;9994.0;5;9991.0;21;;;10010.0;8;10012.0;19;;;10002.0;0.0
-1;48700;INTARIAN_PEPPER_ROOT;11043.0;10;11040.0;14;;;11055.0;9;11057.0;13;;;11049.0;0.0
-1;48800;ASH_COATED_OSMIUM;9994.0;12;9991.0;19;;;10010.0;8;10012.0;17;;;10002.0;0.0
-1;48800;INTARIAN_PEPPER_ROOT;11043.0;5;11040.0;13;;;11055.0;10;11058.0;12;;;11049.0;0.0
-1;48900;ASH_COATED_OSMIUM;9994.0;7;9991.0;17;;;10010.0;9;10012.0;21;;;10002.0;0.0
-1;48900;INTARIAN_PEPPER_ROOT;11043.0;7;11040.0;21;;;11055.0;6;11058.0;19;;;11049.0;0.0
-1;49000;ASH_COATED_OSMIUM;9994.0;12;9992.0;13;;;10010.0;10;10013.0;15;;;10002.0;0.0
-1;49000;INTARIAN_PEPPER_ROOT;11043.0;9;11040.0;16;;;11055.0;8;11058.0;13;;;11049.0;0.0
-1;49100;ASH_COATED_OSMIUM;;;;;;;10010.0;9;10012.0;25;;;10010.0;0.0
-1;49100;INTARIAN_PEPPER_ROOT;11043.0;9;11040.0;16;;;11055.0;6;;;;;11049.0;0.0
-1;49200;ASH_COATED_OSMIUM;9993.0;11;9991.0;25;;;10009.0;11;10012.0;24;;;10001.0;0.0
-1;49200;INTARIAN_PEPPER_ROOT;11040.0;12;;;;;11055.0;6;11058.0;16;;;11047.5;0.0
-1;49300;ASH_COATED_OSMIUM;9994.0;11;9991.0;23;;;10010.0;12;10012.0;23;;;10002.0;0.0
-1;49300;INTARIAN_PEPPER_ROOT;11043.0;10;11041.0;12;;;11055.0;10;11058.0;15;;;11049.0;0.0
-1;49400;ASH_COATED_OSMIUM;10003.0;8;9991.0;21;;;10010.0;15;10012.0;15;;;10006.5;0.0
-1;49400;INTARIAN_PEPPER_ROOT;11043.0;7;11041.0;16;;;11058.0;22;;;;;11050.5;0.0
-1;49500;ASH_COATED_OSMIUM;9993.0;7;9991.0;18;;;10012.0;18;;;;;10002.5;0.0
-1;49500;INTARIAN_PEPPER_ROOT;11043.0;8;;;;;11056.0;12;11058.0;13;;;11049.5;0.0
-1;49600;ASH_COATED_OSMIUM;;;;;;;10012.0;18;;;;;10012.0;0.0
-1;49600;INTARIAN_PEPPER_ROOT;11044.0;8;11041.0;14;;;11056.0;8;11058.0;14;;;11050.0;0.0
-1;49700;ASH_COATED_OSMIUM;9993.0;8;;;;;10009.0;11;10012.0;22;;;10001.0;0.0
-1;49700;INTARIAN_PEPPER_ROOT;11044.0;6;11041.0;14;;;11058.0;18;;;;;11051.0;0.0
-1;49800;ASH_COATED_OSMIUM;9993.0;10;9990.0;16;;;10009.0;9;;;;;10001.0;0.0
-1;49800;INTARIAN_PEPPER_ROOT;;;;;;;11056.0;8;;;;;11056.0;0.0
-1;49900;ASH_COATED_OSMIUM;9993.0;8;;;;;10009.0;7;10011.0;24;;;10001.0;0.0
-1;49900;INTARIAN_PEPPER_ROOT;11044.0;8;;;;;;;;;;;11044.0;0.0
-1;50000;ASH_COATED_OSMIUM;9992.0;13;9990.0;13;;;10008.0;13;10011.0;17;;;10000.0;0.0
-1;50000;INTARIAN_PEPPER_ROOT;11044.0;7;11041.0;19;;;11056.0;8;11059.0;18;;;11050.0;0.0
-1;50100;ASH_COATED_OSMIUM;9992.0;8;9990.0;18;;;10011.0;18;;;;;10001.5;0.0
-1;50100;INTARIAN_PEPPER_ROOT;11044.0;6;;;;;11059.0;13;;;;;11051.5;0.0
-1;50200;ASH_COATED_OSMIUM;9993.0;7;9990.0;22;;;10011.0;23;;;;;10002.0;0.0
-1;50200;INTARIAN_PEPPER_ROOT;11044.0;6;11041.0;19;;;11056.0;7;11059.0;19;;;11050.0;0.0
-1;50300;ASH_COATED_OSMIUM;9990.0;19;;;;;10008.0;12;10011.0;19;;;9999.0;0.0
-1;50300;INTARIAN_PEPPER_ROOT;11044.0;7;11042.0;18;;;11056.0;5;11059.0;17;;;11050.0;0.0
-1;50400;ASH_COATED_OSMIUM;9992.0;12;;;;;10008.0;8;10011.0;17;;;10000.0;0.0
-1;50400;INTARIAN_PEPPER_ROOT;11044.0;8;11042.0;16;;;11059.0;16;;;;;11051.5;0.0
-1;50500;ASH_COATED_OSMIUM;9992.0;8;9989.0;19;;;10008.0;7;10010.0;12;;;10000.0;0.0
-1;50500;INTARIAN_PEPPER_ROOT;11044.0;8;11042.0;18;;;11057.0;8;11059.0;19;;;11050.5;0.0
-1;50600;ASH_COATED_OSMIUM;9991.0;10;9989.0;20;;;10007.0;11;;;;;9999.0;0.0
-1;50600;INTARIAN_PEPPER_ROOT;11042.0;14;;;;;11057.0;8;11059.0;12;;;11049.5;0.0
-1;50700;ASH_COATED_OSMIUM;9991.0;10;9988.0;19;;;10009.0;18;;;;;10000.0;0.0
-1;50700;INTARIAN_PEPPER_ROOT;11045.0;7;11042.0;10;;;11057.0;4;;;;;11051.0;0.0
-1;50800;ASH_COATED_OSMIUM;9991.0;11;9988.0;25;;;10007.0;14;10009.0;27;;;9999.0;0.0
-1;50800;INTARIAN_PEPPER_ROOT;;;;;;;11060.0;13;;;;;11060.0;0.0
-1;50900;ASH_COATED_OSMIUM;9990.0;10;;;;;10009.0;18;;;;;9999.5;0.0
-1;50900;INTARIAN_PEPPER_ROOT;11045.0;5;11042.0;15;;;11057.0;5;11060.0;18;;;11051.0;0.0
-1;51000;ASH_COATED_OSMIUM;;;9990.0;11;9988.0;21;10009.0;23;;;;;10002.5;0.0
-1;51000;INTARIAN_PEPPER_ROOT;11045.0;9;11042.0;17;;;11057.0;8;11060.0;15;;;11051.0;0.0
-1;51100;ASH_COATED_OSMIUM;9988.0;20;;;;;10009.0;20;;;;;9998.5;0.0
-1;51100;INTARIAN_PEPPER_ROOT;11045.0;8;11042.0;11;;;;;;;;;11045.0;0.0
-1;51200;ASH_COATED_OSMIUM;9988.0;19;;;;;10006.0;12;10009.0;27;;;9997.0;0.0
-1;51200;INTARIAN_PEPPER_ROOT;11045.0;7;11042.0;18;;;11060.0;20;;;;;11052.5;0.0
-1;51300;ASH_COATED_OSMIUM;9990.0;12;9987.0;25;;;10006.0;10;10008.0;23;;;9998.0;0.0
-1;51300;INTARIAN_PEPPER_ROOT;11043.0;11;;;;;11060.0;14;;;;;11051.5;0.0
-1;51400;ASH_COATED_OSMIUM;9995.0;3;9990.0;9;;;10006.0;9;10008.0;19;;;10000.5;0.0
-1;51400;INTARIAN_PEPPER_ROOT;11045.0;10;11043.0;18;;;11057.0;9;;;;;11051.0;0.0
-1;51500;ASH_COATED_OSMIUM;9990.0;13;9987.0;15;;;10006.0;11;;;;;9998.0;0.0
-1;51500;INTARIAN_PEPPER_ROOT;11045.0;7;11043.0;16;;;11058.0;5;11060.0;17;;;11051.5;0.0
-1;51600;ASH_COATED_OSMIUM;9987.0;18;;;;;10008.0;17;;;;;9997.5;0.0
-1;51600;INTARIAN_PEPPER_ROOT;11043.0;14;;;;;11058.0;7;11060.0;19;;;11050.5;0.0
-1;51700;ASH_COATED_OSMIUM;9990.0;8;;;;;10006.0;7;10009.0;23;;;9998.0;0.0
-1;51700;INTARIAN_PEPPER_ROOT;11046.0;12;11043.0;15;;;11058.0;9;;;;;11052.0;0.0
-1;51800;ASH_COATED_OSMIUM;9990.0;11;9988.0;27;;;10009.0;22;;;;;9999.5;0.0
-1;51800;INTARIAN_PEPPER_ROOT;11046.0;9;11043.0;7;;;11058.0;9;;;;;11052.0;0.0
-1;51900;ASH_COATED_OSMIUM;9990.0;11;;;;;10006.0;12;10008.0;23;;;9998.0;0.0
-1;51900;INTARIAN_PEPPER_ROOT;11043.0;13;;;;;11058.0;5;11061.0;12;;;11050.5;0.0
-1;52000;ASH_COATED_OSMIUM;9988.0;22;;;;;10006.0;8;10009.0;24;;;9997.0;0.0
-1;52000;INTARIAN_PEPPER_ROOT;11046.0;4;11043.0;11;;;11058.0;8;11061.0;13;;;11052.0;0.0
-1;52100;ASH_COATED_OSMIUM;9990.0;13;9987.0;20;;;10006.0;12;10008.0;22;;;9998.0;0.0
-1;52100;INTARIAN_PEPPER_ROOT;11043.0;13;;;;;11061.0;14;;;;;11052.0;0.0
-1;52200;ASH_COATED_OSMIUM;9990.0;12;9987.0;16;;;10006.0;7;10008.0;14;;;9998.0;0.0
-1;52200;INTARIAN_PEPPER_ROOT;11046.0;8;;;;;11058.0;7;;;;;11052.0;0.0
-1;52300;ASH_COATED_OSMIUM;9990.0;7;9987.0;14;;;10006.0;9;;;;;9998.0;0.0
-1;52300;INTARIAN_PEPPER_ROOT;11046.0;8;11044.0;20;;;11058.0;7;11061.0;18;;;11052.0;0.0
-1;52400;ASH_COATED_OSMIUM;9990.0;8;;;;;10008.0;20;;;;;9999.0;0.0
-1;52400;INTARIAN_PEPPER_ROOT;11046.0;9;11044.0;13;;;11058.0;11;11061.0;11;;;11052.0;0.0
-1;52500;ASH_COATED_OSMIUM;9990.0;9;9987.0;25;;;10006.0;10;10008.0;22;;;9998.0;0.0
-1;52500;INTARIAN_PEPPER_ROOT;;;;;;;11059.0;9;11061.0;10;;;11059.0;0.0
-1;52600;ASH_COATED_OSMIUM;9990.0;8;9987.0;21;;;10006.0;12;10008.0;22;;;9998.0;0.0
-1;52600;INTARIAN_PEPPER_ROOT;11047.0;10;11044.0;20;;;11059.0;7;11061.0;18;;;11053.0;0.0
-1;52700;ASH_COATED_OSMIUM;9990.0;10;9988.0;24;;;10006.0;9;10009.0;21;;;9998.0;0.0
-1;52700;INTARIAN_PEPPER_ROOT;11047.0;7;11044.0;11;;;11059.0;7;;;;;11053.0;0.0
-1;52800;ASH_COATED_OSMIUM;9988.0;24;;;;;10006.0;8;10009.0;24;;;9997.0;0.0
-1;52800;INTARIAN_PEPPER_ROOT;11044.0;19;;;;;11059.0;10;11062.0;19;;;11051.5;0.0
-1;52900;ASH_COATED_OSMIUM;9990.0;6;9988.0;21;;;10006.0;8;10009.0;21;;;9998.0;0.0
-1;52900;INTARIAN_PEPPER_ROOT;11047.0;8;11044.0;15;;;11062.0;13;;;;;11054.5;0.0
-1;53000;ASH_COATED_OSMIUM;9990.0;12;9987.0;22;;;10006.0;11;10008.0;19;;;9998.0;0.0
-1;53000;INTARIAN_PEPPER_ROOT;11047.0;7;11044.0;16;;;11059.0;7;11062.0;15;;;11053.0;0.0
-1;53100;ASH_COATED_OSMIUM;9995.0;2;9990.0;9;9987.0;22;10006.0;7;10008.0;21;;;10000.5;0.0
-1;53100;INTARIAN_PEPPER_ROOT;11047.0;11;11044.0;15;;;11059.0;10;11062.0;13;;;11053.0;0.0
-1;53200;ASH_COATED_OSMIUM;9989.0;7;9987.0;17;;;10005.0;8;10008.0;19;;;9997.0;0.0
-1;53200;INTARIAN_PEPPER_ROOT;11047.0;9;11044.0;20;;;11059.0;11;11062.0;21;;;11053.0;0.0
-1;53300;ASH_COATED_OSMIUM;9989.0;9;9987.0;26;;;10005.0;13;10008.0;20;;;9997.0;0.0
-1;53300;INTARIAN_PEPPER_ROOT;11047.0;7;;;;;11059.0;10;11062.0;17;;;11053.0;0.0
-1;53400;ASH_COATED_OSMIUM;9989.0;10;9987.0;15;;;10005.0;8;10008.0;18;;;9997.0;0.0
-1;53400;INTARIAN_PEPPER_ROOT;11047.0;6;;;;;11059.0;7;;;;;11053.0;0.0
-1;53500;ASH_COATED_OSMIUM;9987.0;18;;;;;10005.0;8;10008.0;19;;;9996.0;0.0
-1;53500;INTARIAN_PEPPER_ROOT;11047.0;4;11045.0;14;;;11060.0;6;11062.0;15;;;11053.5;0.0
-1;53600;ASH_COATED_OSMIUM;9990.0;11;9987.0;24;;;10006.0;9;;;;;9998.0;0.0
-1;53600;INTARIAN_PEPPER_ROOT;11048.0;8;11045.0;18;;;11050.0;4;11062.0;16;;;11049.0;0.0
-1;53700;ASH_COATED_OSMIUM;9987.0;19;;;;;10005.0;8;10008.0;20;;;9996.0;0.0
-1;53700;INTARIAN_PEPPER_ROOT;11045.0;16;;;;;11060.0;4;11062.0;16;;;11052.5;0.0
-1;53800;ASH_COATED_OSMIUM;9989.0;7;9987.0;21;;;9995.0;7;10005.0;11;10008.0;21;9992.0;0.0
-1;53800;INTARIAN_PEPPER_ROOT;11048.0;8;11045.0;16;;;11060.0;7;11063.0;13;;;11054.0;0.0
-1;53900;ASH_COATED_OSMIUM;9989.0;9;9987.0;20;;;10005.0;8;;;;;9997.0;0.0
-1;53900;INTARIAN_PEPPER_ROOT;11048.0;4;11045.0;12;;;11063.0;14;;;;;11055.5;0.0
-1;54000;ASH_COATED_OSMIUM;9989.0;14;9986.0;19;;;10005.0;12;10007.0;20;;;9997.0;0.0
-1;54000;INTARIAN_PEPPER_ROOT;11045.0;20;;;;;11060.0;9;;;;;11052.5;0.0
-1;54100;ASH_COATED_OSMIUM;9988.0;10;9986.0;18;;;;;;;;;9988.0;0.0
-1;54100;INTARIAN_PEPPER_ROOT;11045.0;15;;;;;11060.0;7;11063.0;13;;;11052.5;0.0
-1;54200;ASH_COATED_OSMIUM;9985.0;26;;;;;10006.0;25;;;;;9995.5;0.0
-1;54200;INTARIAN_PEPPER_ROOT;11048.0;8;;;;;11063.0;16;;;;;11055.5;0.0
-1;54300;ASH_COATED_OSMIUM;9988.0;13;9986.0;21;;;10004.0;14;10007.0;16;;;9996.0;0.0
-1;54300;INTARIAN_PEPPER_ROOT;11048.0;8;11046.0;14;;;11060.0;6;11063.0;12;;;11054.0;0.0
-1;54400;ASH_COATED_OSMIUM;9988.0;7;;;;;10007.0;21;;;;;9997.5;0.0
-1;54400;INTARIAN_PEPPER_ROOT;11048.0;8;11046.0;14;;;11060.0;9;11063.0;11;;;11054.0;0.0
-1;54500;ASH_COATED_OSMIUM;9986.0;18;;;;;10005.0;8;10007.0;18;;;9995.5;0.0
-1;54500;INTARIAN_PEPPER_ROOT;11048.0;6;11046.0;20;;;11063.0;15;;;;;11055.5;0.0
-1;54600;ASH_COATED_OSMIUM;9986.0;22;;;;;10005.0;10;10007.0;22;;;9995.5;0.0
-1;54600;INTARIAN_PEPPER_ROOT;11049.0;7;;;;;11063.0;17;;;;;11056.0;0.0
-1;54700;ASH_COATED_OSMIUM;9989.0;9;9987.0;24;;;10008.0;23;;;;;9998.5;0.0
-1;54700;INTARIAN_PEPPER_ROOT;11049.0;8;11046.0;15;;;11061.0;6;;;;;11055.0;0.0
-1;54800;ASH_COATED_OSMIUM;9987.0;18;;;;;10006.0;11;10008.0;18;;;9996.5;0.0
-1;54800;INTARIAN_PEPPER_ROOT;11049.0;7;11046.0;20;;;11064.0;22;;;;;11056.5;0.0
-1;54900;ASH_COATED_OSMIUM;9989.0;12;9987.0;23;;;10005.0;12;10008.0;21;;;9997.0;0.0
-1;54900;INTARIAN_PEPPER_ROOT;11049.0;11;11046.0;15;;;11061.0;10;11064.0;13;;;11055.0;0.0
-1;55000;ASH_COATED_OSMIUM;9989.0;4;9987.0;24;;;10008.0;22;;;;;9998.5;0.0
-1;55000;INTARIAN_PEPPER_ROOT;11049.0;8;11046.0;14;;;11064.0;15;;;;;11056.5;0.0
-1;55100;ASH_COATED_OSMIUM;9989.0;8;;;;;10005.0;8;10008.0;21;;;9997.0;0.0
-1;55100;INTARIAN_PEPPER_ROOT;11049.0;8;11046.0;12;;;11061.0;8;11064.0;15;;;11055.0;0.0
-1;55200;ASH_COATED_OSMIUM;9989.0;10;9987.0;18;;;10005.0;10;10008.0;18;;;9997.0;0.0
-1;55200;INTARIAN_PEPPER_ROOT;;;;;;;11061.0;7;;;;;11061.0;0.0
-1;55300;ASH_COATED_OSMIUM;9989.0;8;9986.0;22;;;10005.0;9;10007.0;25;;;9997.0;0.0
-1;55300;INTARIAN_PEPPER_ROOT;11049.0;7;11047.0;15;;;11061.0;6;;;;;11055.0;0.0
-1;55400;ASH_COATED_OSMIUM;9988.0;12;9986.0;19;;;10004.0;10;10007.0;20;;;9996.0;0.0
-1;55400;INTARIAN_PEPPER_ROOT;11049.0;7;11047.0;14;;;11061.0;7;11064.0;15;;;11055.0;0.0
-1;55500;ASH_COATED_OSMIUM;9988.0;12;9985.0;18;;;10004.0;11;10006.0;18;;;9996.0;0.0
-1;55500;INTARIAN_PEPPER_ROOT;11049.0;10;11047.0;19;;;11062.0;9;11064.0;12;;;11055.5;0.0
-1;55600;ASH_COATED_OSMIUM;9988.0;10;;;;;10004.0;9;;;;;9996.0;0.0
-1;55600;INTARIAN_PEPPER_ROOT;11050.0;12;11047.0;14;;;11062.0;12;11064.0;10;;;11056.0;0.0
-1;55700;ASH_COATED_OSMIUM;9988.0;9;;;;;10004.0;9;10006.0;16;;;9996.0;0.0
-1;55700;INTARIAN_PEPPER_ROOT;11053.0;7;11047.0;13;;;11062.0;6;;;;;11057.5;0.0
-1;55800;ASH_COATED_OSMIUM;9988.0;10;9986.0;28;;;10004.0;10;10007.0;23;;;9996.0;0.0
-1;55800;INTARIAN_PEPPER_ROOT;11050.0;8;11047.0;14;;;11062.0;11;11065.0;15;;;11056.0;0.0
-1;55900;ASH_COATED_OSMIUM;9989.0;13;9986.0;17;;;10005.0;11;10007.0;19;;;9997.0;0.0
-1;55900;INTARIAN_PEPPER_ROOT;11050.0;11;11047.0;14;;;11062.0;10;;;;;11056.0;0.0
-1;56000;ASH_COATED_OSMIUM;9986.0;20;;;;;10005.0;12;10007.0;21;;;9995.5;0.0
-1;56000;INTARIAN_PEPPER_ROOT;11050.0;6;11047.0;21;;;11062.0;7;11065.0;21;;;11056.0;0.0
-1;56100;ASH_COATED_OSMIUM;9989.0;11;;;;;10008.0;22;;;;;9998.5;0.0
-1;56100;INTARIAN_PEPPER_ROOT;11050.0;8;11047.0;12;;;;;;;;;11050.0;0.0
-1;56200;ASH_COATED_OSMIUM;9989.0;10;9987.0;22;;;10008.0;20;;;;;9998.5;0.0
-1;56200;INTARIAN_PEPPER_ROOT;11050.0;7;11047.0;13;;;11062.0;7;11065.0;10;;;11056.0;0.0
-1;56300;ASH_COATED_OSMIUM;;;;;;;;;;;;;0.0;0.0
-1;56300;INTARIAN_PEPPER_ROOT;11048.0;21;;;;;11065.0;14;;;;;11056.5;0.0
-1;56400;ASH_COATED_OSMIUM;9989.0;8;9987.0;22;;;9999.0;3;10005.0;9;10008.0;18;9994.0;0.0
-1;56400;INTARIAN_PEPPER_ROOT;11048.0;13;;;;;11062.0;10;11065.0;15;;;11055.0;0.0
-1;56500;ASH_COATED_OSMIUM;9989.0;7;;;;;9999.0;4;10008.0;19;;;9994.0;0.0
-1;56500;INTARIAN_PEPPER_ROOT;;;;;;;11063.0;4;11065.0;17;;;11063.0;0.0
-1;56600;ASH_COATED_OSMIUM;9990.0;13;9987.0;22;;;10008.0;24;;;;;9999.0;0.0
-1;56600;INTARIAN_PEPPER_ROOT;11051.0;8;11048.0;21;;;11063.0;8;;;;;11057.0;0.0
-1;56700;ASH_COATED_OSMIUM;9990.0;9;;;;;10006.0;9;10008.0;18;;;9998.0;0.0
-1;56700;INTARIAN_PEPPER_ROOT;11051.0;6;11048.0;17;;;11063.0;7;;;;;11057.0;0.0
-1;56800;ASH_COATED_OSMIUM;9988.0;22;;;;;10007.0;9;;;;;9997.5;0.0
-1;56800;INTARIAN_PEPPER_ROOT;11051.0;9;11048.0;15;;;;;;;;;11051.0;0.0
-1;56900;ASH_COATED_OSMIUM;9988.0;13;;;;;10009.0;17;;;;;9998.5;0.0
-1;56900;INTARIAN_PEPPER_ROOT;11051.0;8;;;;;11066.0;13;;;;;11058.5;0.0
-1;57000;ASH_COATED_OSMIUM;9991.0;9;;;;;10007.0;7;10009.0;23;;;9999.0;0.0
-1;57000;INTARIAN_PEPPER_ROOT;11048.0;22;;;;;11063.0;9;11066.0;22;;;11055.5;0.0
-1;57100;ASH_COATED_OSMIUM;9991.0;10;9989.0;18;;;10007.0;14;10010.0;18;;;9999.0;0.0
-1;57100;INTARIAN_PEPPER_ROOT;11048.0;14;;;;;11066.0;18;;;;;11057.0;0.0
-1;57200;ASH_COATED_OSMIUM;9991.0;8;9989.0;18;;;10007.0;8;;;;;9999.0;0.0
-1;57200;INTARIAN_PEPPER_ROOT;11051.0;10;11048.0;18;;;11063.0;10;11066.0;18;;;11057.0;0.0
-1;57300;ASH_COATED_OSMIUM;9991.0;9;9989.0;21;;;10007.0;8;10010.0;25;;;9999.0;0.0
-1;57300;INTARIAN_PEPPER_ROOT;11051.0;9;11049.0;21;;;11063.0;10;11066.0;22;;;11057.0;0.0
-1;57400;ASH_COATED_OSMIUM;9992.0;14;9989.0;14;;;10008.0;10;;;;;10000.0;0.0
-1;57400;INTARIAN_PEPPER_ROOT;11051.0;6;11049.0;11;;;11063.0;10;11066.0;10;;;11057.0;0.0
-1;57500;ASH_COATED_OSMIUM;9991.0;8;9989.0;20;;;10007.0;9;10010.0;20;;;9999.0;0.0
-1;57500;INTARIAN_PEPPER_ROOT;11051.0;8;;;;;11064.0;8;11066.0;14;;;11057.5;0.0
-1;57600;ASH_COATED_OSMIUM;9990.0;11;9988.0;20;;;10006.0;11;10009.0;20;;;9998.0;0.0
-1;57600;INTARIAN_PEPPER_ROOT;11049.0;17;;;;;11066.0;15;;;;;11057.5;0.0
-1;57700;ASH_COATED_OSMIUM;9991.0;9;9988.0;23;;;10009.0;23;;;;;10000.0;0.0
-1;57700;INTARIAN_PEPPER_ROOT;11052.0;6;;;;;11064.0;5;11066.0;17;;;11058.0;0.0
-1;57800;ASH_COATED_OSMIUM;9990.0;12;9988.0;20;;;10006.0;8;10009.0;19;;;9998.0;0.0
-1;57800;INTARIAN_PEPPER_ROOT;11049.0;13;;;;;11064.0;7;11067.0;14;;;11056.5;0.0
-1;57900;ASH_COATED_OSMIUM;9990.0;10;9988.0;23;;;10006.0;10;10009.0;22;;;9998.0;0.0
-1;57900;INTARIAN_PEPPER_ROOT;11052.0;8;11049.0;16;;;11064.0;5;11067.0;16;;;11058.0;0.0
-1;58000;ASH_COATED_OSMIUM;9990.0;10;9988.0;20;;;;;;;;;9990.0;0.0
-1;58000;INTARIAN_PEPPER_ROOT;11052.0;8;11049.0;15;;;11064.0;5;11067.0;13;;;11058.0;0.0
-1;58100;ASH_COATED_OSMIUM;9990.0;11;9988.0;15;;;9996.0;7;10009.0;17;;;9993.0;0.0
-1;58100;INTARIAN_PEPPER_ROOT;11052.0;7;11049.0;16;;;11067.0;14;;;;;11059.5;0.0
-1;58200;ASH_COATED_OSMIUM;9990.0;8;;;;;10005.0;9;10008.0;21;;;9997.5;0.0
-1;58200;INTARIAN_PEPPER_ROOT;11052.0;9;11049.0;21;;;11064.0;8;11067.0;21;;;11058.0;0.0
-1;58300;ASH_COATED_OSMIUM;9987.0;22;;;;;10006.0;13;10008.0;20;;;9996.5;0.0
-1;58300;INTARIAN_PEPPER_ROOT;11052.0;5;11050.0;17;;;11064.0;7;11067.0;20;;;11058.0;0.0
-1;58400;ASH_COATED_OSMIUM;9990.0;8;9987.0;16;;;10006.0;9;10008.0;16;;;9998.0;0.0
-1;58400;INTARIAN_PEPPER_ROOT;11052.0;5;;;;;11064.0;5;11067.0;18;;;11058.0;0.0
-1;58500;ASH_COATED_OSMIUM;9987.0;23;;;;;10006.0;11;10008.0;20;;;9996.5;0.0
-1;58500;INTARIAN_PEPPER_ROOT;11052.0;7;11050.0;16;;;11065.0;9;11067.0;14;;;11058.5;0.0
-1;58600;ASH_COATED_OSMIUM;9990.0;10;9987.0;24;;;10006.0;8;;;;;9998.0;0.0
-1;58600;INTARIAN_PEPPER_ROOT;11053.0;7;;;;;11065.0;7;11067.0;17;;;11059.0;0.0
-1;58700;ASH_COATED_OSMIUM;9990.0;11;9988.0;22;;;10006.0;10;;;;;9998.0;0.0
-1;58700;INTARIAN_PEPPER_ROOT;;;;;;;11067.0;14;;;;;11067.0;0.0
-1;58800;ASH_COATED_OSMIUM;9990.0;13;9988.0;21;;;10009.0;22;;;;;9999.5;0.0
-1;58800;INTARIAN_PEPPER_ROOT;11050.0;16;;;;;11068.0;11;;;;;11059.0;0.0
-1;58900;ASH_COATED_OSMIUM;9988.0;18;;;;;10006.0;11;10009.0;17;;;9997.0;0.0
-1;58900;INTARIAN_PEPPER_ROOT;11053.0;8;11050.0;19;;;11065.0;9;11068.0;20;;;11059.0;0.0
-1;59000;ASH_COATED_OSMIUM;9991.0;7;9988.0;16;;;10007.0;8;10009.0;17;;;9999.0;0.0
-1;59000;INTARIAN_PEPPER_ROOT;11053.0;9;11050.0;21;;;11065.0;7;;;;;11059.0;0.0
-1;59100;ASH_COATED_OSMIUM;9991.0;10;;;;;10007.0;7;10009.0;22;;;9999.0;0.0
-1;59100;INTARIAN_PEPPER_ROOT;11053.0;7;11050.0;18;;;11065.0;8;;;;;11059.0;0.0
-1;59200;ASH_COATED_OSMIUM;9996.0;4;9988.0;16;;;10007.0;7;;;;;10001.5;0.0
-1;59200;INTARIAN_PEPPER_ROOT;11062.0;5;11053.0;7;;;11065.0;10;11068.0;21;;;11063.5;0.0
-1;59300;ASH_COATED_OSMIUM;9991.0;13;;;;;10007.0;12;10009.0;18;;;9999.0;0.0
-1;59300;INTARIAN_PEPPER_ROOT;11053.0;7;11051.0;15;;;11065.0;7;11068.0;18;;;11059.0;0.0
-1;59400;ASH_COATED_OSMIUM;9991.0;4;9989.0;20;;;10007.0;7;;;;;9999.0;0.0
-1;59400;INTARIAN_PEPPER_ROOT;11053.0;8;;;;;11065.0;6;11068.0;13;;;11059.0;0.0
-1;59500;ASH_COATED_OSMIUM;9991.0;11;;;;;10007.0;12;10010.0;19;;;9999.0;0.0
-1;59500;INTARIAN_PEPPER_ROOT;11053.0;6;11051.0;17;;;11066.0;6;;;;;11059.5;0.0
-1;59600;ASH_COATED_OSMIUM;9991.0;10;9988.0;20;;;;;;;;;9991.0;0.0
-1;59600;INTARIAN_PEPPER_ROOT;11054.0;9;11051.0;19;;;11066.0;9;11068.0;19;;;11060.0;0.0
-1;59700;ASH_COATED_OSMIUM;9988.0;19;;;;;10000.0;3;10007.0;11;10009.0;21;9994.0;0.0
-1;59700;INTARIAN_PEPPER_ROOT;11054.0;8;11051.0;13;;;11066.0;8;11068.0;14;;;11060.0;0.0
-1;59800;ASH_COATED_OSMIUM;9991.0;10;9989.0;23;;;10007.0;8;10010.0;23;;;9999.0;0.0
-1;59800;INTARIAN_PEPPER_ROOT;11054.0;5;11051.0;12;;;;;;;;;11054.0;0.0
-1;59900;ASH_COATED_OSMIUM;9991.0;11;;;;;;;;;;;9991.0;0.0
-1;59900;INTARIAN_PEPPER_ROOT;11054.0;10;11051.0;17;;;11066.0;12;11069.0;16;;;11060.0;0.0
-1;60000;ASH_COATED_OSMIUM;9990.0;11;9988.0;25;;;10006.0;12;;;;;9998.0;0.0
-1;60000;INTARIAN_PEPPER_ROOT;11051.0;19;;;;;11066.0;7;;;;;11058.5;0.0
-1;60100;ASH_COATED_OSMIUM;9990.0;8;9988.0;18;;;10006.0;9;;;;;9998.0;0.0
-1;60100;INTARIAN_PEPPER_ROOT;11054.0;8;11051.0;17;;;11066.0;7;;;;;11060.0;0.0
-1;60200;ASH_COATED_OSMIUM;9991.0;10;9988.0;15;;;10007.0;11;;;;;9999.0;0.0
-1;60200;INTARIAN_PEPPER_ROOT;11051.0;18;;;;;11066.0;10;11069.0;15;;;11058.5;0.0
-1;60300;ASH_COATED_OSMIUM;9990.0;10;;;;;10009.0;18;;;;;9999.5;0.0
-1;60300;INTARIAN_PEPPER_ROOT;11054.0;5;11052.0;17;;;11069.0;14;;;;;11061.5;0.0
-1;60400;ASH_COATED_OSMIUM;9990.0;8;;;;;10006.0;12;10009.0;21;;;9998.0;0.0
-1;60400;INTARIAN_PEPPER_ROOT;11054.0;9;11052.0;13;;;11066.0;6;11069.0;15;;;11060.0;0.0
-1;60500;ASH_COATED_OSMIUM;9990.0;10;9988.0;25;;;10009.0;22;;;;;9999.5;0.0
-1;60500;INTARIAN_PEPPER_ROOT;11054.0;9;;;;;11067.0;9;11069.0;19;;;11060.5;0.0
-1;60600;ASH_COATED_OSMIUM;9988.0;22;;;;;10009.0;21;;;;;9998.5;0.0
-1;60600;INTARIAN_PEPPER_ROOT;11052.0;21;;;;;11067.0;9;11069.0;20;;;11059.5;0.0
-1;60700;ASH_COATED_OSMIUM;9991.0;13;9988.0;19;;;10007.0;13;10009.0;18;;;9999.0;0.0
-1;60700;INTARIAN_PEPPER_ROOT;11055.0;7;11052.0;14;;;11067.0;6;;;;;11061.0;0.0
-1;60800;ASH_COATED_OSMIUM;9991.0;13;9989.0;17;;;10010.0;17;;;;;10000.5;0.0
-1;60800;INTARIAN_PEPPER_ROOT;11055.0;9;11052.0;14;;;11070.0;17;;;;;11062.5;0.0
-1;60900;ASH_COATED_OSMIUM;9992.0;12;9989.0;26;;;10008.0;10;10010.0;24;;;10000.0;0.0
-1;60900;INTARIAN_PEPPER_ROOT;11055.0;9;;;;;11067.0;7;11070.0;18;;;11061.0;0.0
-1;61000;ASH_COATED_OSMIUM;9989.0;22;;;;;10007.0;13;;;;;9998.0;0.0
-1;61000;INTARIAN_PEPPER_ROOT;11055.0;9;11052.0;20;;;11067.0;6;11070.0;18;;;11061.0;0.0
-1;61100;ASH_COATED_OSMIUM;9991.0;11;9989.0;28;;;10007.0;8;10010.0;25;;;9999.0;0.0
-1;61100;INTARIAN_PEPPER_ROOT;11055.0;8;11052.0;13;;;11067.0;8;11070.0;13;;;11061.0;0.0
-1;61200;ASH_COATED_OSMIUM;9991.0;8;;;;;10010.0;21;;;;;10000.5;0.0
-1;61200;INTARIAN_PEPPER_ROOT;11055.0;10;11052.0;14;;;11067.0;10;11070.0;19;;;11061.0;0.0
-1;61300;ASH_COATED_OSMIUM;9992.0;10;9989.0;26;;;10008.0;11;10010.0;22;;;10000.0;0.0
-1;61300;INTARIAN_PEPPER_ROOT;11055.0;11;;;;;11067.0;12;;;;;11061.0;0.0
-1;61400;ASH_COATED_OSMIUM;9991.0;10;9989.0;19;;;10007.0;11;10010.0;15;;;9999.0;0.0
-1;61400;INTARIAN_PEPPER_ROOT;11055.0;7;;;;;11070.0;16;;;;;11062.5;0.0
-1;61500;ASH_COATED_OSMIUM;9991.0;13;9989.0;23;;;10007.0;10;10010.0;22;;;9999.0;0.0
-1;61500;INTARIAN_PEPPER_ROOT;11055.0;8;11053.0;15;;;11068.0;11;11070.0;18;;;11061.5;0.0
-1;61600;ASH_COATED_OSMIUM;9990.0;9;9988.0;20;;;9996.0;2;10006.0;10;10009.0;16;9993.0;0.0
-1;61600;INTARIAN_PEPPER_ROOT;11056.0;9;11053.0;11;;;11068.0;6;;;;;11062.0;0.0
-1;61700;ASH_COATED_OSMIUM;9991.0;5;9989.0;25;;;10010.0;21;;;;;10000.5;0.0
-1;61700;INTARIAN_PEPPER_ROOT;11056.0;9;;;;;11068.0;9;11070.0;19;;;11062.0;0.0
-1;61800;ASH_COATED_OSMIUM;9991.0;10;9989.0;22;;;;;;;;;9991.0;0.0
-1;61800;INTARIAN_PEPPER_ROOT;11056.0;8;;;;;11071.0;17;;;;;11063.5;0.0
-1;61900;ASH_COATED_OSMIUM;9989.0;14;;;;;10007.0;9;10010.0;12;;;9998.0;0.0
-1;61900;INTARIAN_PEPPER_ROOT;11059.0;6;11056.0;8;;;11068.0;11;11071.0;16;;;11063.5;0.0
-1;62000;ASH_COATED_OSMIUM;9992.0;10;9989.0;16;;;10008.0;8;10010.0;15;;;10000.0;0.0
-1;62000;INTARIAN_PEPPER_ROOT;11056.0;6;11053.0;13;;;11068.0;11;11071.0;16;;;11062.0;0.0
-1;62100;ASH_COATED_OSMIUM;9989.0;19;;;;;10008.0;8;10010.0;23;;;9998.5;0.0
-1;62100;INTARIAN_PEPPER_ROOT;11056.0;5;11053.0;18;;;;;;;;;11056.0;0.0
-1;62200;ASH_COATED_OSMIUM;9992.0;10;9989.0;24;;;;;;;;;9992.0;0.0
-1;62200;INTARIAN_PEPPER_ROOT;11056.0;7;11053.0;12;;;11068.0;9;11071.0;13;;;11062.0;0.0
-1;62300;ASH_COATED_OSMIUM;9991.0;12;9989.0;17;;;10010.0;14;;;;;10000.5;0.0
-1;62300;INTARIAN_PEPPER_ROOT;11056.0;10;11054.0;15;;;11068.0;8;11071.0;15;;;11062.0;0.0
-1;62400;ASH_COATED_OSMIUM;9991.0;9;9989.0;26;;;10007.0;10;10010.0;22;;;9999.0;0.0
-1;62400;INTARIAN_PEPPER_ROOT;11056.0;7;11054.0;15;;;11071.0;12;;;;;11063.5;0.0
-1;62500;ASH_COATED_OSMIUM;9991.0;10;9989.0;21;;;10010.0;16;;;;;10000.5;0.0
-1;62500;INTARIAN_PEPPER_ROOT;11056.0;6;11054.0;16;;;11069.0;9;11071.0;13;;;11062.5;0.0
-1;62600;ASH_COATED_OSMIUM;9992.0;13;9989.0;21;;;10008.0;11;10010.0;17;;;10000.0;0.0
-1;62600;INTARIAN_PEPPER_ROOT;11057.0;9;11054.0;22;;;11069.0;12;11071.0;19;;;11063.0;0.0
-1;62700;ASH_COATED_OSMIUM;9991.0;11;9989.0;19;;;10010.0;19;;;;;10000.5;0.0
-1;62700;INTARIAN_PEPPER_ROOT;11057.0;8;11054.0;13;;;11069.0;8;11071.0;14;;;11063.0;0.0
-1;62800;ASH_COATED_OSMIUM;9991.0;8;9989.0;20;;;10007.0;6;10010.0;20;;;9999.0;0.0
-1;62800;INTARIAN_PEPPER_ROOT;11057.0;8;11054.0;22;;;11069.0;6;11072.0;23;;;11063.0;0.0
-1;62900;ASH_COATED_OSMIUM;9992.0;11;9989.0;20;;;10008.0;11;10010.0;25;;;10000.0;0.0
