timestamp;buyer;seller;symbol;currency;price;quantity
0;;;ASH_COATED_OSMIUM;XIRECS;9982.0;5
4200;;;ASH_COATED_OSMIUM;XIRECS;10002.0;2
4400;;;INTARIAN_PEPPER_ROOT;XIRECS;11010.0;3
5000;;;INTARIAN_PEPPER_ROOT;XIRECS;10996.0;4
9100;;;ASH_COATED_OSMIUM;XIRECS;9994.0;3
9600;;;ASH_COATED_OSMIUM;XIRECS;9989.0;4
12100;;;ASH_COATED_OSMIUM;XIRECS;9989.0;4
15100;;;ASH_COATED_OSMIUM;XIRECS;10011.0;1
15100;;;ASH_COATED_OSMIUM;XIRECS;10011.0;7
18500;;;ASH_COATED_OSMIUM;XIRECS;10010.0;4
23100;;;INTARIAN_PEPPER_ROOT;XIRECS;11019.0;3
23900;;;ASH_COATED_OSMIUM;XIRECS;9991.0;3
24600;;;ASH_COATED_OSMIUM;XIRECS;9991.0;2
30400;;;ASH_COATED_OSMIUM;XIRECS;10010.0;1
30400;;;INTARIAN_PEPPER_ROOT;XIRECS;11036.0;5
33300;;;INTARIAN_PEPPER_ROOT;XIRECS;11036.0;4
34000;;;ASH_COATED_OSMIUM;XIRECS;10010.0;6
34400;;;INTARIAN_PEPPER_ROOT;XIRECS;11043.0;3
34500;;;ASH_COATED_OSMIUM;XIRECS;9994.0;6
35700;;;INTARIAN_PEPPER_ROOT;XIRECS;11042.0;6
35700;;;INTARIAN_PEPPER_ROOT;XIRECS;11039.0;3
35800;;;INTARIAN_PEPPER_ROOT;XIRECS;11032.0;6
36500;;;ASH_COATED_OSMIUM;XIRECS;10013.0;1
37900;;;ASH_COATED_OSMIUM;XIRECS;9996.0;4
39100;;;ASH_COATED_OSMIUM;XIRECS;10011.0;4
39900;;;ASH_COATED_OSMIUM;XIRECS;10013.0;5
41500;;;ASH_COATED_OSMIUM;XIRECS;10009.0;3
42800;;;INTARIAN_PEPPER_ROOT;XIRECS;11052.0;3
44700;;;INTARIAN_PEPPER_ROOT;XIRECS;11041.0;6
50900;;;ASH_COATED_OSMIUM;XIRECS;9990.0;4
57000;;;INTARIAN_PEPPER_ROOT;XIRECS;11063.0;4
58400;;;ASH_COATED_OSMIUM;XIRECS;9990.0;3
59500;;;ASH_COATED_OSMIUM;XIRECS;10007.0;2
62000;;;ASH_COATED_OSMIUM;XIRECS;10008.0;6
63700;;;ASH_COATED_OSMIUM;XIRECS;9990.0;2
64300;;;INTARIAN_PEPPER_ROOT;XIRECS;11060.0;3
64900;;;ASH_COATED_OSMIUM;XIRECS;10005.0;3
65300;;;ASH_COATED_OSMIUM;XIRECS;9989.0;2
67600;;;INTARIAN_PEPPER_ROOT;XIRECS;11070.0;4
71500;;;INTARIAN_PEPPER_ROOT;XIRECS;11068.0;4
76300;;;ASH_COATED_OSMIUM;XIRECS;9994.0;4
77200;;;INTARIAN_PEPPER_ROOT;XIRECS;11071.0;2
80200;;;INTARIAN_PEPPER_ROOT;XIRECS;11074.0;4
83700;;;ASH_COATED_OSMIUM;XIRECS;10009.0;1
84600;;;INTARIAN_PEPPER_ROOT;XIRECS;11091.0;4
84800;;;INTARIAN_PEPPER_ROOT;XIRECS;11088.0;5
85500;;;ASH_COATED_OSMIUM;XIRECS;9995.0;7
85700;;;ASH_COATED_OSMIUM;XIRECS;10011.0;3
87400;;;INTARIAN_PEPPER_ROOT;XIRECS;11081.0;2
87900;;;ASH_COATED_OSMIUM;XIRECS;9993.0;4
88300;;;ASH_COATED_OSMIUM;XIRECS;10011.0;2
90200;;;ASH_COATED_OSMIUM;XIRECS;10011.0;8
90800;;;ASH_COATED_OSMIUM;XIRECS;9994.0;4
91700;;;INTARIAN_PEPPER_ROOT;XIRECS;11088.0;6
92500;;;INTARIAN_PEPPER_ROOT;XIRECS;11101.0;5
95100;;;INTARIAN_PEPPER_ROOT;XIRECS;11091.0;7
95900;;;ASH_COATED_OSMIUM;XIRECS;10007.0;3
96900;;;ASH_COATED_OSMIUM;XIRECS;10007.0;6
96900;;;ASH_COATED_OSMIUM;XIRECS;10007.0;6
97200;;;INTARIAN_PEPPER_ROOT;XIRECS;11103.0;7
105900;;;ASH_COATED_OSMIUM;XIRECS;10011.0;4
107000;;;INTARIAN_PEPPER_ROOT;XIRECS;11113.0;7
107200;;;ASH_COATED_OSMIUM;XIRECS;9991.0;2
108800;;;INTARIAN_PEPPER_ROOT;XIRECS;11112.0;2
109800;;;INTARIAN_PEPPER_ROOT;XIRECS;11116.0;3
111600;;;ASH_COATED_OSMIUM;XIRECS;9992.0;5
116100;;;ASH_COATED_OSMIUM;XIRECS;9989.0;7
117500;;;INTARIAN_PEPPER_ROOT;XIRECS;11111.0;5
122000;;;ASH_COATED_OSMIUM;XIRECS;10007.0;8
122300;;;ASH_COATED_OSMIUM;XIRECS;10007.0;5
122400;;;INTARIAN_PEPPER_ROOT;XIRECS;11128.0;7
126400;;;ASH_COATED_OSMIUM;XIRECS;9988.0;2
126500;;;ASH_COATED_OSMIUM;XIRECS;9988.0;5
129500;;;INTARIAN_PEPPER_ROOT;XIRECS;11136.0;3
130300;;;ASH_COATED_OSMIUM;XIRECS;10003.0;2
131100;;;INTARIAN_PEPPER_ROOT;XIRECS;11137.0;3
131400;;;ASH_COATED_OSMIUM;XIRECS;10003.0;1
132300;;;INTARIAN_PEPPER_ROOT;XIRECS;11126.0;3
139400;;;ASH_COATED_OSMIUM;XIRECS;9989.0;4
139400;;;ASH_COATED_OSMIUM;XIRECS;9989.0;3
141900;;;INTARIAN_PEPPER_ROOT;XIRECS;11136.0;4
142000;;;ASH_COATED_OSMIUM;XIRECS;9992.0;1
142200;;;ASH_COATED_OSMIUM;XIRECS;9992.0;4
146700;;;ASH_COATED_OSMIUM;XIRECS;10009.0;6
149500;;;ASH_COATED_OSMIUM;XIRECS;10009.0;7
153200;;;ASH_COATED_OSMIUM;XIRECS;9994.0;3
154600;;;ASH_COATED_OSMIUM;XIRECS;9992.0;1
155300;;;ASH_COATED_OSMIUM;XIRECS;10009.0;10
155500;;;ASH_COATED_OSMIUM;XIRECS;10013.0;4
155700;;;ASH_COATED_OSMIUM;XIRECS;10010.0;7
158200;;;ASH_COATED_OSMIUM;XIRECS;9994.0;4
164200;;;INTARIAN_PEPPER_ROOT;XIRECS;11160.0;7
165300;;;ASH_COATED_OSMIUM;XIRECS;9988.0;5
172700;;;ASH_COATED_OSMIUM;XIRECS;10008.0;4
177700;;;ASH_COATED_OSMIUM;XIRECS;9989.0;7
177900;;;INTARIAN_PEPPER_ROOT;XIRECS;11172.0;5
181600;;;ASH_COATED_OSMIUM;XIRECS;9994.0;2
182700;;;ASH_COATED_OSMIUM;XIRECS;9993.0;4
184800;;;ASH_COATED_OSMIUM;XIRECS;9995.0;3
185500;;;INTARIAN_PEPPER_ROOT;XIRECS;11188.0;5
185900;;;ASH_COATED_OSMIUM;XIRECS;9996.0;8
186800;;;ASH_COATED_OSMIUM;XIRECS;9995.0;4
189700;;;INTARIAN_PEPPER_ROOT;XIRECS;11186.0;6
190400;;;ASH_COATED_OSMIUM;XIRECS;10011.0;3
192600;;;ASH_COATED_OSMIUM;XIRECS;9997.0;7
194900;;;INTARIAN_PEPPER_ROOT;XIRECS;11191.0;6
197300;;;ASH_COATED_OSMIUM;XIRECS;9996.0;8
198600;;;INTARIAN_PEPPER_ROOT;XIRECS;11193.0;4
199400;;;INTARIAN_PEPPER_ROOT;XIRECS;11205.0;1
200100;;;ASH_COATED_OSMIUM;XIRECS;9994.0;5
200300;;;ASH_COATED_OSMIUM;XIRECS;9992.0;8
200400;;;ASH_COATED_OSMIUM;XIRECS;10011.0;1
200600;;;ASH_COATED_OSMIUM;XIRECS;10010.0;1
200700;;;ASH_COATED_OSMIUM;XIRECS;10010.0;4
201700;;;ASH_COATED_OSMIUM;XIRECS;9993.0;3
204000;;;INTARIAN_PEPPER_ROOT;XIRECS;11210.0;7
205600;;;ASH_COATED_OSMIUM;XIRECS;9992.0;2
206600;;;ASH_COATED_OSMIUM;XIRECS;9993.0;6
207500;;;INTARIAN_PEPPER_ROOT;XIRECS;11214.0;2
208900;;;ASH_COATED_OSMIUM;XIRECS;9994.0;6
210000;;;ASH_COATED_OSMIUM;XIRECS;9991.0;3
211400;;;INTARIAN_PEPPER_ROOT;XIRECS;11208.0;6
212100;;;INTARIAN_PEPPER_ROOT;XIRECS;11215.0;4
212700;;;ASH_COATED_OSMIUM;XIRECS;9994.0;6
212900;;;INTARIAN_PEPPER_ROOT;XIRECS;11209.0;4
215000;;;INTARIAN_PEPPER_ROOT;XIRECS;11221.0;6
217000;;;INTARIAN_PEPPER_ROOT;XIRECS;11223.0;5
217500;;;INTARIAN_PEPPER_ROOT;XIRECS;11224.0;3
224300;;;INTARIAN_PEPPER_ROOT;XIRECS;11230.0;2
224800;;;ASH_COATED_OSMIUM;XIRECS;10012.0;4
225000;;;INTARIAN_PEPPER_ROOT;XIRECS;11219.0;6
226200;;;ASH_COATED_OSMIUM;XIRECS;9997.0;5
227600;;;ASH_COATED_OSMIUM;XIRECS;9996.0;5
228000;;;ASH_COATED_OSMIUM;XIRECS;9995.0;5
229200;;;ASH_COATED_OSMIUM;XIRECS;10004.0;2
236600;;;ASH_COATED_OSMIUM;XIRECS;9993.0;3
237100;;;ASH_COATED_OSMIUM;XIRECS;9996.0;3
237500;;;INTARIAN_PEPPER_ROOT;XIRECS;11244.0;4
241700;;;ASH_COATED_OSMIUM;XIRECS;9994.0;6
242000;;;INTARIAN_PEPPER_ROOT;XIRECS;11248.0;5
242800;;;ASH_COATED_OSMIUM;XIRECS;10009.0;2
243200;;;ASH_COATED_OSMIUM;XIRECS;10010.0;6
243700;;;ASH_COATED_OSMIUM;XIRECS;10010.0;6
246200;;;ASH_COATED_OSMIUM;XIRECS;9994.0;7
247600;;;ASH_COATED_OSMIUM;XIRECS;9995.0;4
248700;;;INTARIAN_PEPPER_ROOT;XIRECS;11243.0;3
252300;;;ASH_COATED_OSMIUM;XIRECS;10008.0;3
258300;;;ASH_COATED_OSMIUM;XIRECS;10013.0;6
258400;;;ASH_COATED_OSMIUM;XIRECS;10012.0;4
259400;;;ASH_COATED_OSMIUM;XIRECS;9998.0;8
260500;;;ASH_COATED_OSMIUM;XIRECS;10012.0;6
260600;;;ASH_COATED_OSMIUM;XIRECS;10012.0;2
264100;;;INTARIAN_PEPPER_ROOT;XIRECS;11255.0;6
265000;;;ASH_COATED_OSMIUM;XIRECS;9992.0;7
267000;;;ASH_COATED_OSMIUM;XIRECS;9991.0;7
268800;;;ASH_COATED_OSMIUM;XIRECS;10006.0;4
270400;;;ASH_COATED_OSMIUM;XIRECS;10008.0;2
270700;;;INTARIAN_PEPPER_ROOT;XIRECS;11277.0;6
272800;;;ASH_COATED_OSMIUM;XIRECS;10005.0;4
280900;;;ASH_COATED_OSMIUM;XIRECS;9987.0;1
282500;;;ASH_COATED_OSMIUM;XIRECS;9988.0;2
282700;;;ASH_COATED_OSMIUM;XIRECS;10004.0;6
291400;;;ASH_COATED_OSMIUM;XIRECS;9989.0;3
294100;;;INTARIAN_PEPPER_ROOT;XIRECS;11303.0;3
297000;;;ASH_COATED_OSMIUM;XIRECS;10005.0;6
297300;;;ASH_COATED_OSMIUM;XIRECS;10005.0;3
299500;;;ASH_COATED_OSMIUM;XIRECS;9990.0;2
300000;;;INTARIAN_PEPPER_ROOT;XIRECS;11306.0;6
301400;;;INTARIAN_PEPPER_ROOT;XIRECS;11308.0;7
306500;;;ASH_COATED_OSMIUM;XIRECS;10009.0;4
307600;;;ASH_COATED_OSMIUM;XIRECS;9995.0;3
310000;;;ASH_COATED_OSMIUM;XIRECS;10011.0;7
310900;;;ASH_COATED_OSMIUM;XIRECS;10012.0;5
311700;;;INTARIAN_PEPPER_ROOT;XIRECS;11315.0;6
313100;;;ASH_COATED_OSMIUM;XIRECS;9996.0;1
313600;;;ASH_COATED_OSMIUM;XIRECS;10013.0;2
314400;;;INTARIAN_PEPPER_ROOT;XIRECS;11323.0;5
323200;;;INTARIAN_PEPPER_ROOT;XIRECS;11326.0;3
324600;;;ASH_COATED_OSMIUM;XIRECS;9997.0;1
325000;;;ASH_COATED_OSMIUM;XIRECS;10015.0;4
327400;;;INTARIAN_PEPPER_ROOT;XIRECS;11321.0;5
327600;;;INTARIAN_PEPPER_ROOT;XIRECS;11334.0;2
329000;;;ASH_COATED_OSMIUM;XIRECS;10000.0;6
329800;;;ASH_COATED_OSMIUM;XIRECS;10016.0;4
330600;;;ASH_COATED_OSMIUM;XIRECS;9998.0;1
333200;;;INTARIAN_PEPPER_ROOT;XIRECS;11339.0;6
334400;;;INTARIAN_PEPPER_ROOT;XIRECS;11341.0;3
335300;;;INTARIAN_PEPPER_ROOT;XIRECS;11344.0;3
335400;;;INTARIAN_PEPPER_ROOT;XIRECS;11338.0;4
335800;;;ASH_COATED_OSMIUM;XIRECS;10000.0;5
336000;;;ASH_COATED_OSMIUM;XIRECS;9997.0;5
336400;;;ASH_COATED_OSMIUM;XIRECS;10015.0;9
336500;;;INTARIAN_PEPPER_ROOT;XIRECS;11343.0;3
336800;;;ASH_COATED_OSMIUM;XIRECS;9999.0;3
337300;;;ASH_COATED_OSMIUM;XIRECS;9999.0;7
340700;;;ASH_COATED_OSMIUM;XIRECS;10015.0;2
341200;;;ASH_COATED_OSMIUM;XIRECS;9998.0;1
342400;;;ASH_COATED_OSMIUM;XIRECS;9996.0;3
344000;;;INTARIAN_PEPPER_ROOT;XIRECS;11340.0;2
344200;;;ASH_COATED_OSMIUM;XIRECS;10001.0;2
345800;;;ASH_COATED_OSMIUM;XIRECS;9999.0;3
346200;;;ASH_COATED_OSMIUM;XIRECS;9999.0;3
349400;;;ASH_COATED_OSMIUM;XIRECS;10004.0;4
350400;;;ASH_COATED_OSMIUM;XIRECS;10013.0;4
350900;;;INTARIAN_PEPPER_ROOT;XIRECS;11360.0;4
351800;;;ASH_COATED_OSMIUM;XIRECS;10010.0;4
352500;;;INTARIAN_PEPPER_ROOT;XIRECS;11359.0;4
353000;;;ASH_COATED_OSMIUM;XIRECS;9991.0;5
354000;;;INTARIAN_PEPPER_ROOT;XIRECS;11360.0;5
356700;;;ASH_COATED_OSMIUM;XIRECS;10007.0;7
356800;;;INTARIAN_PEPPER_ROOT;XIRECS;11351.0;5
357500;;;ASH_COATED_OSMIUM;XIRECS;9991.0;2
358400;;;ASH_COATED_OSMIUM;XIRECS;10007.0;3
358400;;;INTARIAN_PEPPER_ROOT;XIRECS;11361.0;4
359300;;;ASH_COATED_OSMIUM;XIRECS;9992.0;4
360000;;;INTARIAN_PEPPER_ROOT;XIRECS;11363.0;7
360800;;;INTARIAN_PEPPER_ROOT;XIRECS;11367.0;2
361400;;;ASH_COATED_OSMIUM;XIRECS;9993.0;5
361600;;;INTARIAN_PEPPER_ROOT;XIRECS;11358.0;3
363200;;;ASH_COATED_OSMIUM;XIRECS;10011.0;2
365300;;;ASH_COATED_OSMIUM;XIRECS;9992.0;3
365400;;;INTARIAN_PEPPER_ROOT;XIRECS;11361.0;7
367300;;;INTARIAN_PEPPER_ROOT;XIRECS;11361.0;4
370900;;;INTARIAN_PEPPER_ROOT;XIRECS;11377.0;4
371200;;;INTARIAN_PEPPER_ROOT;XIRECS;11365.0;3
372300;;;INTARIAN_PEPPER_ROOT;XIRECS;11368.0;6
374600;;;INTARIAN_PEPPER_ROOT;XIRECS;11381.0;3
375300;;;ASH_COATED_OSMIUM;XIRECS;9993.0;3
375400;;;ASH_COATED_OSMIUM;XIRECS;10009.0;2
376700;;;INTARIAN_PEPPER_ROOT;XIRECS;11373.0;6
377400;;;ASH_COATED_OSMIUM;XIRECS;9992.0;4
380800;;;INTARIAN_PEPPER_ROOT;XIRECS;11387.0;3
380900;;;ASH_COATED_OSMIUM;XIRECS;9996.0;8
381000;;;ASH_COATED_OSMIUM;XIRECS;10012.0;2
383000;;;ASH_COATED_OSMIUM;XIRECS;10010.0;5
384000;;;ASH_COATED_OSMIUM;XIRECS;9990.0;3
389800;;;ASH_COATED_OSMIUM;XIRECS;10011.0;9
390400;;;ASH_COATED_OSMIUM;XIRECS;9995.0;8
391100;;;ASH_COATED_OSMIUM;XIRECS;9995.0;3
392300;;;ASH_COATED_OSMIUM;XIRECS;10012.0;5
401000;;;INTARIAN_PEPPER_ROOT;XIRECS;11397.0;7
401700;;;ASH_COATED_OSMIUM;XIRECS;10014.0;8
402400;;;ASH_COATED_OSMIUM;XIRECS;9995.0;2
405200;;;ASH_COATED_OSMIUM;XIRECS;9996.0;2
407400;;;ASH_COATED_OSMIUM;XIRECS;10009.0;7
412600;;;ASH_COATED_OSMIUM;XIRECS;9993.0;3
414000;;;ASH_COATED_OSMIUM;XIRECS;10011.0;6
415200;;;INTARIAN_PEPPER_ROOT;XIRECS;11421.0;5
415800;;;ASH_COATED_OSMIUM;XIRECS;9992.0;4
417100;;;INTARIAN_PEPPER_ROOT;XIRECS;11423.0;3
419200;;;INTARIAN_PEPPER_ROOT;XIRECS;11425.0;4
420300;;;INTARIAN_PEPPER_ROOT;XIRECS;11414.0;5
423300;;;INTARIAN_PEPPER_ROOT;XIRECS;11417.0;3
424700;;;ASH_COATED_OSMIUM;XIRECS;9994.0;6
424900;;;INTARIAN_PEPPER_ROOT;XIRECS;11431.0;6
425200;;;ASH_COATED_OSMIUM;XIRECS;10009.0;5
425800;;;ASH_COATED_OSMIUM;XIRECS;9993.0;6
427600;;;INTARIAN_PEPPER_ROOT;XIRECS;11421.0;6
430100;;;ASH_COATED_OSMIUM;XIRECS;10013.0;4
432800;;;ASH_COATED_OSMIUM;XIRECS;9994.0;2
433700;;;ASH_COATED_OSMIUM;XIRECS;9996.0;4
435400;;;ASH_COATED_OSMIUM;XIRECS;9997.0;3
436100;;;INTARIAN_PEPPER_ROOT;XIRECS;11439.0;5
440300;;;ASH_COATED_OSMIUM;XIRECS;10015.0;2
440700;;;ASH_COATED_OSMIUM;XIRECS;9999.0;2
440800;;;INTARIAN_PEPPER_ROOT;XIRECS;11435.0;3
441300;;;INTARIAN_PEPPER_ROOT;XIRECS;11437.0;5
442700;;;ASH_COATED_OSMIUM;XIRECS;10013.0;5
443000;;;ASH_COATED_OSMIUM;XIRECS;10013.0;2
444200;;;ASH_COATED_OSMIUM;XIRECS;10013.0;7
445000;;;ASH_COATED_OSMIUM;XIRECS;10016.0;7
447800;;;INTARIAN_PEPPER_ROOT;XIRECS;11457.0;4
449100;;;ASH_COATED_OSMIUM;XIRECS;9997.0;7
450800;;;ASH_COATED_OSMIUM;XIRECS;10003.0;3
451800;;;ASH_COATED_OSMIUM;XIRECS;9996.0;3
452300;;;ASH_COATED_OSMIUM;XIRECS;10012.0;2
453000;;;INTARIAN_PEPPER_ROOT;XIRECS;11456.0;3
456000;;;ASH_COATED_OSMIUM;XIRECS;10010.0;3
456100;;;INTARIAN_PEPPER_ROOT;XIRECS;11450.0;5
457000;;;INTARIAN_PEPPER_ROOT;XIRECS;11451.0;4
457300;;;INTARIAN_PEPPER_ROOT;XIRECS;11464.0;2
458400;;;ASH_COATED_OSMIUM;XIRECS;10012.0;4
461900;;;INTARIAN_PEPPER_ROOT;XIRECS;11471.0;5
463900;;;ASH_COATED_OSMIUM;XIRECS;10012.0;5
464300;;;INTARIAN_PEPPER_ROOT;XIRECS;11473.0;3
465500;;;ASH_COATED_OSMIUM;XIRECS;10009.0;6
466000;;;INTARIAN_PEPPER_ROOT;XIRECS;11462.0;3
468100;;;ASH_COATED_OSMIUM;XIRECS;9991.0;7
469000;;;INTARIAN_PEPPER_ROOT;XIRECS;11463.0;4
472200;;;ASH_COATED_OSMIUM;XIRECS;9993.0;3
473000;;;INTARIAN_PEPPER_ROOT;XIRECS;11476.0;2
473600;;;INTARIAN_PEPPER_ROOT;XIRECS;11464.0;5
476400;;;ASH_COATED_OSMIUM;XIRECS;10009.0;5
477200;;;ASH_COATED_OSMIUM;XIRECS;9994.0;6
477600;;;INTARIAN_PEPPER_ROOT;XIRECS;11487.0;4
478600;;;ASH_COATED_OSMIUM;XIRECS;9991.0;5
479600;;;ASH_COATED_OSMIUM;XIRECS;9992.0;1
480500;;;INTARIAN_PEPPER_ROOT;XIRECS;11477.0;3
482100;;;INTARIAN_PEPPER_ROOT;XIRECS;11476.0;3
482600;;;ASH_COATED_OSMIUM;XIRECS;9994.0;5
482700;;;ASH_COATED_OSMIUM;XIRECS;9994.0;4
486700;;;INTARIAN_PEPPER_ROOT;XIRECS;11483.0;5
487200;;;ASH_COATED_OSMIUM;XIRECS;10012.0;1
487500;;;ASH_COATED_OSMIUM;XIRECS;9993.0;3
490300;;;INTARIAN_PEPPER_ROOT;XIRECS;11484.0;5
493800;;;INTARIAN_PEPPER_ROOT;XIRECS;11485.0;3
494300;;;ASH_COATED_OSMIUM;XIRECS;10013.0;3
498900;;;ASH_COATED_OSMIUM;XIRECS;9992.0;8
500000;;;ASH_COATED_OSMIUM;XIRECS;9995.0;2
502100;;;ASH_COATED_OSMIUM;XIRECS;9995.0;2
502700;;;ASH_COATED_OSMIUM;XIRECS;10010.0;2
503100;;;ASH_COATED_OSMIUM;XIRECS;10000.0;2
507800;;;INTARIAN_PEPPER_ROOT;XIRECS;11502.0;3
511000;;;ASH_COATED_OSMIUM;XIRECS;9995.0;3
511700;;;ASH_COATED_OSMIUM;XIRECS;10011.0;4
512500;;;ASH_COATED_OSMIUM;XIRECS;10012.0;4
512800;;;ASH_COATED_OSMIUM;XIRECS;9996.0;7
512800;;;INTARIAN_PEPPER_ROOT;XIRECS;11522.0;4
517200;;;ASH_COATED_OSMIUM;XIRECS;10012.0;3
519200;;;INTARIAN_PEPPER_ROOT;XIRECS;11525.0;5
522500;;;ASH_COATED_OSMIUM;XIRECS;10011.0;4
525700;;;ASH_COATED_OSMIUM;XIRECS;9994.0;4
532300;;;ASH_COATED_OSMIUM;XIRECS;9994.0;3
536700;;;INTARIAN_PEPPER_ROOT;XIRECS;11543.0;3
537200;;;ASH_COATED_OSMIUM;XIRECS;10012.0;3
539900;;;INTARIAN_PEPPER_ROOT;XIRECS;11534.0;4
545100;;;INTARIAN_PEPPER_ROOT;XIRECS;11551.0;5
547300;;;ASH_COATED_OSMIUM;XIRECS;9987.0;7
552900;;;ASH_COATED_OSMIUM;XIRECS;9990.0;8
554400;;;ASH_COATED_OSMIUM;XIRECS;9990.0;8
555700;;;INTARIAN_PEPPER_ROOT;XIRECS;11552.0;5
556700;;;ASH_COATED_OSMIUM;XIRECS;9991.0;2
556700;;;INTARIAN_PEPPER_ROOT;XIRECS;11553.0;5
556800;;;INTARIAN_PEPPER_ROOT;XIRECS;11566.0;3
557700;;;ASH_COATED_OSMIUM;XIRECS;9990.0;7
558800;;;INTARIAN_PEPPER_ROOT;XIRECS;11562.0;6
560300;;;ASH_COATED_OSMIUM;XIRECS;10004.0;4
561300;;;INTARIAN_PEPPER_ROOT;XIRECS;11557.0;3
564900;;;INTARIAN_PEPPER_ROOT;XIRECS;11561.0;4
566100;;;INTARIAN_PEPPER_ROOT;XIRECS;11562.0;3
566600;;;ASH_COATED_OSMIUM;XIRECS;10004.0;6
566700;;;INTARIAN_PEPPER_ROOT;XIRECS;11558.0;1
570000;;;INTARIAN_PEPPER_ROOT;XIRECS;11576.0;3
573500;;;INTARIAN_PEPPER_ROOT;XIRECS;11570.0;4
574100;;;ASH_COATED_OSMIUM;XIRECS;10008.0;3
574500;;;ASH_COATED_OSMIUM;XIRECS;9992.0;2
576400;;;INTARIAN_PEPPER_ROOT;XIRECS;11586.0;3
579400;;;INTARIAN_PEPPER_ROOT;XIRECS;11586.0;5
579600;;;INTARIAN_PEPPER_ROOT;XIRECS;11586.0;6
580100;;;INTARIAN_PEPPER_ROOT;XIRECS;11571.0;7
581500;;;ASH_COATED_OSMIUM;XIRECS;10007.0;2
583900;;;ASH_COATED_OSMIUM;XIRECS;10008.0;5
584000;;;ASH_COATED_OSMIUM;XIRECS;10007.0;6
584200;;;INTARIAN_PEPPER_ROOT;XIRECS;11590.0;3
585100;;;INTARIAN_PEPPER_ROOT;XIRECS;11579.0;3
589400;;;INTARIAN_PEPPER_ROOT;XIRECS;11585.0;1
590200;;;INTARIAN_PEPPER_ROOT;XIRECS;11599.0;2
590300;;;ASH_COATED_OSMIUM;XIRECS;10002.0;2
593600;;;INTARIAN_PEPPER_ROOT;XIRECS;11600.0;2
595000;;;ASH_COATED_OSMIUM;XIRECS;10005.0;2
600300;;;INTARIAN_PEPPER_ROOT;XIRECS;11594.0;6
600600;;;ASH_COATED_OSMIUM;XIRECS;9992.0;5
603100;;;ASH_COATED_OSMIUM;XIRECS;9991.0;3
607400;;;ASH_COATED_OSMIUM;XIRECS;9992.0;3
607800;;;ASH_COATED_OSMIUM;XIRECS;10008.0;5
610300;;;INTARIAN_PEPPER_ROOT;XIRECS;11604.0;5
611600;;;ASH_COATED_OSMIUM;XIRECS;9994.0;6
611900;;;ASH_COATED_OSMIUM;XIRECS;9997.0;3
612000;;;ASH_COATED_OSMIUM;XIRECS;10007.0;1
612300;;;INTARIAN_PEPPER_ROOT;XIRECS;11608.0;6
615600;;;ASH_COATED_OSMIUM;XIRECS;10011.0;4
619300;;;INTARIAN_PEPPER_ROOT;XIRECS;11626.0;5
620700;;;ASH_COATED_OSMIUM;XIRECS;10010.0;6
628900;;;ASH_COATED_OSMIUM;XIRECS;10013.0;5
629000;;;INTARIAN_PEPPER_ROOT;XIRECS;11623.0;3
630900;;;INTARIAN_PEPPER_ROOT;XIRECS;11625.0;3
632300;;;ASH_COATED_OSMIUM;XIRECS;10009.0;4
634200;;;ASH_COATED_OSMIUM;XIRECS;9994.0;2
634300;;;INTARIAN_PEPPER_ROOT;XIRECS;11641.0;5
634400;;;INTARIAN_PEPPER_ROOT;XIRECS;11637.0;4
636300;;;INTARIAN_PEPPER_ROOT;XIRECS;11630.0;5
636900;;;INTARIAN_PEPPER_ROOT;XIRECS;11643.0;3
638800;;;INTARIAN_PEPPER_ROOT;XIRECS;11645.0;3
639100;;;ASH_COATED_OSMIUM;XIRECS;10014.0;6
639100;;;INTARIAN_PEPPER_ROOT;XIRECS;11630.0;2
640000;;;INTARIAN_PEPPER_ROOT;XIRECS;11646.0;5
642000;;;ASH_COATED_OSMIUM;XIRECS;10016.0;5
642900;;;ASH_COATED_OSMIUM;XIRECS;10012.0;6
642900;;;INTARIAN_PEPPER_ROOT;XIRECS;11637.0;4
644300;;;ASH_COATED_OSMIUM;XIRECS;10012.0;5
645600;;;ASH_COATED_OSMIUM;XIRECS;9996.0;1
645700;;;ASH_COATED_OSMIUM;XIRECS;10012.0;6
647500;;;ASH_COATED_OSMIUM;XIRECS;10015.0;3
650200;;;INTARIAN_PEPPER_ROOT;XIRECS;11653.0;4
650600;;;ASH_COATED_OSMIUM;XIRECS;9999.0;4
653000;;;INTARIAN_PEPPER_ROOT;XIRECS;11659.0;6
653900;;;ASH_COATED_OSMIUM;XIRECS;10000.0;5
656100;;;ASH_COATED_OSMIUM;XIRECS;9998.0;2
656400;;;INTARIAN_PEPPER_ROOT;XIRECS;11663.0;2
656900;;;ASH_COATED_OSMIUM;XIRECS;10000.0;7
658200;;;ASH_COATED_OSMIUM;XIRECS;10000.0;3
658500;;;ASH_COATED_OSMIUM;XIRECS;10019.0;1
660400;;;ASH_COATED_OSMIUM;XIRECS;10017.0;4
660400;;;INTARIAN_PEPPER_ROOT;XIRECS;11654.0;2
662600;;;INTARIAN_PEPPER_ROOT;XIRECS;11666.0;5
665900;;;INTARIAN_PEPPER_ROOT;XIRECS;11675.0;3
666600;;;ASH_COATED_OSMIUM;XIRECS;10001.0;4
667000;;;ASH_COATED_OSMIUM;XIRECS;10002.0;4
668200;;;INTARIAN_PEPPER_ROOT;XIRECS;11675.0;4
669800;;;INTARIAN_PEPPER_ROOT;XIRECS;11676.0;7
672200;;;INTARIAN_PEPPER_ROOT;XIRECS;11666.0;3
673600;;;ASH_COATED_OSMIUM;XIRECS;10001.0;9
673600;;;INTARIAN_PEPPER_ROOT;XIRECS;11677.0;5
677000;;;ASH_COATED_OSMIUM;XIRECS;10000.0;3
677300;;;ASH_COATED_OSMIUM;XIRECS;10000.0;1
677500;;;INTARIAN_PEPPER_ROOT;XIRECS;11671.0;4
677800;;;INTARIAN_PEPPER_ROOT;XIRECS;11671.0;2
681200;;;ASH_COATED_OSMIUM;XIRECS;10016.0;6
681700;;;INTARIAN_PEPPER_ROOT;XIRECS;11688.0;4
681900;;;ASH_COATED_OSMIUM;XIRECS;9999.0;7
683100;;;ASH_COATED_OSMIUM;XIRECS;10016.0;4
689900;;;INTARIAN_PEPPER_ROOT;XIRECS;11696.0;6
690300;;;INTARIAN_PEPPER_ROOT;XIRECS;11697.0;1
690500;;;ASH_COATED_OSMIUM;XIRECS;9998.0;4
690600;;;INTARIAN_PEPPER_ROOT;XIRECS;11694.0;4
691000;;;ASH_COATED_OSMIUM;XIRECS;9998.0;3
691600;;;INTARIAN_PEPPER_ROOT;XIRECS;11685.0;5
692000;;;INTARIAN_PEPPER_ROOT;XIRECS;11686.0;3
699900;;;ASH_COATED_OSMIUM;XIRECS;10013.0;4
699900;;;ASH_COATED_OSMIUM;XIRECS;10013.0;3
700500;;;ASH_COATED_OSMIUM;XIRECS;10013.0;4
700600;;;ASH_COATED_OSMIUM;XIRECS;9997.0;3
701000;;;INTARIAN_PEPPER_ROOT;XIRECS;11697.0;4
701900;;;INTARIAN_PEPPER_ROOT;XIRECS;11708.0;6
702800;;;INTARIAN_PEPPER_ROOT;XIRECS;11696.0;4
703300;;;ASH_COATED_OSMIUM;XIRECS;9993.0;3
705400;;;ASH_COATED_OSMIUM;XIRECS;9996.0;6
708600;;;INTARIAN_PEPPER_ROOT;XIRECS;11715.0;3
712300;;;ASH_COATED_OSMIUM;XIRECS;10006.0;5
714900;;;ASH_COATED_OSMIUM;XIRECS;9999.0;3
717200;;;INTARIAN_PEPPER_ROOT;XIRECS;11724.0;2
720600;;;ASH_COATED_OSMIUM;XIRECS;10012.0;3
723300;;;ASH_COATED_OSMIUM;XIRECS;9990.0;5
726200;;;ASH_COATED_OSMIUM;XIRECS;9992.0;4
727200;;;INTARIAN_PEPPER_ROOT;XIRECS;11734.0;5
727400;;;INTARIAN_PEPPER_ROOT;XIRECS;11734.0;2
729100;;;ASH_COATED_OSMIUM;XIRECS;10008.0;8
729500;;;ASH_COATED_OSMIUM;XIRECS;9991.0;2
730400;;;ASH_COATED_OSMIUM;XIRECS;10006.0;4
731200;;;ASH_COATED_OSMIUM;XIRECS;10008.0;6
733500;;;INTARIAN_PEPPER_ROOT;XIRECS;11740.0;1
734900;;;ASH_COATED_OSMIUM;XIRECS;9989.0;4
735000;;;ASH_COATED_OSMIUM;XIRECS;10005.0;2
736700;;;ASH_COATED_OSMIUM;XIRECS;10008.0;2
737500;;;INTARIAN_PEPPER_ROOT;XIRECS;11741.0;3
739400;;;ASH_COATED_OSMIUM;XIRECS;10007.0;6
743700;;;ASH_COATED_OSMIUM;XIRECS;9986.0;4
745400;;;ASH_COATED_OSMIUM;XIRECS;9984.0;4
746100;;;ASH_COATED_OSMIUM;XIRECS;10001.0;8
748300;;;INTARIAN_PEPPER_ROOT;XIRECS;11750.0;2
752100;;;ASH_COATED_OSMIUM;XIRECS;10001.0;3
752900;;;INTARIAN_PEPPER_ROOT;XIRECS;11759.0;3
754200;;;ASH_COATED_OSMIUM;XIRECS;10000.0;5
755500;;;INTARIAN_PEPPER_ROOT;XIRECS;11749.0;7
755700;;;INTARIAN_PEPPER_ROOT;XIRECS;11762.0;2
756400;;;ASH_COATED_OSMIUM;XIRECS;9991.0;1
756600;;;ASH_COATED_OSMIUM;XIRECS;9986.0;8
756900;;;ASH_COATED_OSMIUM;XIRECS;9985.0;4
757200;;;ASH_COATED_OSMIUM;XIRECS;9985.0;7
758500;;;ASH_COATED_OSMIUM;XIRECS;9982.0;3
761800;;;INTARIAN_PEPPER_ROOT;XIRECS;11758.0;6
763000;;;INTARIAN_PEPPER_ROOT;XIRECS;11769.0;4
763900;;;ASH_COATED_OSMIUM;XIRECS;9988.0;6
763900;;;ASH_COATED_OSMIUM;XIRECS;9988.0;6
764300;;;INTARIAN_PEPPER_ROOT;XIRECS;11755.0;4
766000;;;INTARIAN_PEPPER_ROOT;XIRECS;11769.0;4
767000;;;ASH_COATED_OSMIUM;XIRECS;10005.0;9
771800;;;INTARIAN_PEPPER_ROOT;XIRECS;11775.0;6
776800;;;INTARIAN_PEPPER_ROOT;XIRECS;11770.0;6
777000;;;INTARIAN_PEPPER_ROOT;XIRECS;11771.0;1
777200;;;ASH_COATED_OSMIUM;XIRECS;10010.0;7
781100;;;INTARIAN_PEPPER_ROOT;XIRECS;11784.0;6
781500;;;INTARIAN_PEPPER_ROOT;XIRECS;11777.0;7
782500;;;ASH_COATED_OSMIUM;XIRECS;10008.0;6
785100;;;INTARIAN_PEPPER_ROOT;XIRECS;11779.0;2
787000;;;INTARIAN_PEPPER_ROOT;XIRECS;11790.0;3
787300;;;INTARIAN_PEPPER_ROOT;XIRECS;11781.0;4
788000;;;ASH_COATED_OSMIUM;XIRECS;10008.0;3
789700;;;ASH_COATED_OSMIUM;XIRECS;9991.0;2
792300;;;ASH_COATED_OSMIUM;XIRECS;10005.0;8
793700;;;ASH_COATED_OSMIUM;XIRECS;10004.0;9
793700;;;INTARIAN_PEPPER_ROOT;XIRECS;11800.0;2
796300;;;INTARIAN_PEPPER_ROOT;XIRECS;11790.0;5
803100;;;ASH_COATED_OSMIUM;XIRECS;10001.0;5
805200;;;ASH_COATED_OSMIUM;XIRECS;9992.0;5
806000;;;ASH_COATED_OSMIUM;XIRECS;9986.0;1
806100;;;INTARIAN_PEPPER_ROOT;XIRECS;11800.0;5
810700;;;ASH_COATED_OSMIUM;XIRECS;10003.0;2
811700;;;INTARIAN_PEPPER_ROOT;XIRECS;11802.0;5
813000;;;INTARIAN_PEPPER_ROOT;XIRECS;11807.0;3
815600;;;ASH_COATED_OSMIUM;XIRECS;10004.0;1
815900;;;INTARIAN_PEPPER_ROOT;XIRECS;11819.0;3
821100;;;ASH_COATED_OSMIUM;XIRECS;10009.0;6
823400;;;ASH_COATED_OSMIUM;XIRECS;10006.0;6
825200;;;INTARIAN_PEPPER_ROOT;XIRECS;11828.0;4
825700;;;INTARIAN_PEPPER_ROOT;XIRECS;11829.0;6
829600;;;INTARIAN_PEPPER_ROOT;XIRECS;11823.0;7
831300;;;INTARIAN_PEPPER_ROOT;XIRECS;11834.0;2
832900;;;ASH_COATED_OSMIUM;XIRECS;9984.0;5
833100;;;INTARIAN_PEPPER_ROOT;XIRECS;11827.0;6
833200;;;INTARIAN_PEPPER_ROOT;XIRECS;11827.0;2
835700;;;ASH_COATED_OSMIUM;XIRECS;10003.0;7
836800;;;ASH_COATED_OSMIUM;XIRECS;9986.0;6
837100;;;INTARIAN_PEPPER_ROOT;XIRECS;11844.0;3
839300;;;INTARIAN_PEPPER_ROOT;XIRECS;11846.0;6
839700;;;ASH_COATED_OSMIUM;XIRECS;10002.0;2
842700;;;INTARIAN_PEPPER_ROOT;XIRECS;11836.0;2
843000;;;ASH_COATED_OSMIUM;XIRECS;9998.0;5
843300;;;ASH_COATED_OSMIUM;XIRECS;9988.0;5
843400;;;ASH_COATED_OSMIUM;XIRECS;9989.0;2
844800;;;INTARIAN_PEPPER_ROOT;XIRECS;11841.0;4
845300;;;ASH_COATED_OSMIUM;XIRECS;10007.0;3
845400;;;INTARIAN_PEPPER_ROOT;XIRECS;11841.0;6
845600;;;ASH_COATED_OSMIUM;XIRECS;9998.0;2
846000;;;INTARIAN_PEPPER_ROOT;XIRECS;11840.0;3
847000;;;INTARIAN_PEPPER_ROOT;XIRECS;11853.0;3
847500;;;ASH_COATED_OSMIUM;XIRECS;10004.0;5
847500;;;ASH_COATED_OSMIUM;XIRECS;10004.0;5
847800;;;ASH_COATED_OSMIUM;XIRECS;9988.0;6
851800;;;ASH_COATED_OSMIUM;XIRECS;10005.0;5
852300;;;ASH_COATED_OSMIUM;XIRECS;9988.0;1
852500;;;ASH_COATED_OSMIUM;XIRECS;9987.0;2
854100;;;INTARIAN_PEPPER_ROOT;XIRECS;11861.0;2
857500;;;INTARIAN_PEPPER_ROOT;XIRECS;11848.0;4
858300;;;INTARIAN_PEPPER_ROOT;XIRECS;11852.0;6
859700;;;ASH_COATED_OSMIUM;XIRECS;9990.0;3
861700;;;INTARIAN_PEPPER_ROOT;XIRECS;11855.0;6
861800;;;ASH_COATED_OSMIUM;XIRECS;10008.0;2
864800;;;ASH_COATED_OSMIUM;XIRECS;10010.0;8
865000;;;ASH_COATED_OSMIUM;XIRECS;9991.0;6
867800;;;ASH_COATED_OSMIUM;XIRECS;9991.0;2
869800;;;INTARIAN_PEPPER_ROOT;XIRECS;11876.0;7
870900;;;ASH_COATED_OSMIUM;XIRECS;10011.0;4
871700;;;ASH_COATED_OSMIUM;XIRECS;10010.0;1
875600;;;INTARIAN_PEPPER_ROOT;XIRECS;11869.0;3
877800;;;INTARIAN_PEPPER_ROOT;XIRECS;11884.0;5
877900;;;ASH_COATED_OSMIUM;XIRECS;9994.0;7
878200;;;ASH_COATED_OSMIUM;XIRECS;10009.0;4
880800;;;ASH_COATED_OSMIUM;XIRECS;9995.0;4
883500;;;INTARIAN_PEPPER_ROOT;XIRECS;11874.0;5
887700;;;INTARIAN_PEPPER_ROOT;XIRECS;11881.0;2
889100;;;INTARIAN_PEPPER_ROOT;XIRECS;11896.0;4
891000;;;INTARIAN_PEPPER_ROOT;XIRECS;11897.0;6
891400;;;INTARIAN_PEPPER_ROOT;XIRECS;11894.0;2
892900;;;ASH_COATED_OSMIUM;XIRECS;10011.0;8
898100;;;INTARIAN_PEPPER_ROOT;XIRECS;11894.0;8
899200;;;ASH_COATED_OSMIUM;XIRECS;10008.0;3
899300;;;INTARIAN_PEPPER_ROOT;XIRECS;11906.0;4
904900;;;INTARIAN_PEPPER_ROOT;XIRECS;11911.0;2
905000;;;ASH_COATED_OSMIUM;XIRECS;9990.0;9
905100;;;ASH_COATED_OSMIUM;XIRECS;9990.0;4
907400;;;INTARIAN_PEPPER_ROOT;XIRECS;11914.0;3
907500;;;INTARIAN_PEPPER_ROOT;XIRECS;11914.0;5
909400;;;ASH_COATED_OSMIUM;XIRECS;9988.0;3
909900;;;ASH_COATED_OSMIUM;XIRECS;10007.0;7
910800;;;INTARIAN_PEPPER_ROOT;XIRECS;11901.0;2
911200;;;ASH_COATED_OSMIUM;XIRECS;10006.0;2
912400;;;ASH_COATED_OSMIUM;XIRECS;10005.0;1
912400;;;INTARIAN_PEPPER_ROOT;XIRECS;11919.0;6
914700;;;INTARIAN_PEPPER_ROOT;XIRECS;11921.0;5
918400;;;INTARIAN_PEPPER_ROOT;XIRECS;11925.0;6
919000;;;ASH_COATED_OSMIUM;XIRECS;9989.0;2
920300;;;INTARIAN_PEPPER_ROOT;XIRECS;11927.0;3
920700;;;ASH_COATED_OSMIUM;XIRECS;10004.0;2
921200;;;ASH_COATED_OSMIUM;XIRECS;10007.0;7
922500;;;INTARIAN_PEPPER_ROOT;XIRECS;11932.0;2
922600;;;INTARIAN_PEPPER_ROOT;XIRECS;11916.0;6
923500;;;ASH_COATED_OSMIUM;XIRECS;9989.0;3
923800;;;ASH_COATED_OSMIUM;XIRECS;9999.0;3
928300;;;ASH_COATED_OSMIUM;XIRECS;9988.0;1
928900;;;ASH_COATED_OSMIUM;XIRECS;9989.0;3
929500;;;ASH_COATED_OSMIUM;XIRECS;10005.0;1
929900;;;INTARIAN_PEPPER_ROOT;XIRECS;11933.0;5
930800;;;ASH_COATED_OSMIUM;XIRECS;9990.0;4
932600;;;ASH_COATED_OSMIUM;XIRECS;10006.0;8
933500;;;INTARIAN_PEPPER_ROOT;XIRECS;11940.0;5
936600;;;INTARIAN_PEPPER_ROOT;XIRECS;11933.0;8
938900;;;ASH_COATED_OSMIUM;XIRECS;10006.0;2
942700;;;INTARIAN_PEPPER_ROOT;XIRECS;11939.0;2
946100;;;ASH_COATED_OSMIUM;XIRECS;9994.0;9
947800;;;INTARIAN_PEPPER_ROOT;XIRECS;11941.0;5
948400;;;ASH_COATED_OSMIUM;XIRECS;10011.0;6
956400;;;ASH_COATED_OSMIUM;XIRECS;9995.0;3
957400;;;INTARIAN_PEPPER_ROOT;XIRECS;11953.0;3
959100;;;INTARIAN_PEPPER_ROOT;XIRECS;11962.0;3
964800;;;INTARIAN_PEPPER_ROOT;XIRECS;11958.0;6
965400;;;INTARIAN_PEPPER_ROOT;XIRECS;11959.0;3
970000;;;INTARIAN_PEPPER_ROOT;XIRECS;11966.0;6
973700;;;INTARIAN_PEPPER_ROOT;XIRECS;11980.0;2
974800;;;ASH_COATED_OSMIUM;XIRECS;10009.0;4
975300;;;ASH_COATED_OSMIUM;XIRECS;9994.0;2
975700;;;ASH_COATED_OSMIUM;XIRECS;10010.0;3
976300;;;INTARIAN_PEPPER_ROOT;XIRECS;11983.0;4
976500;;;ASH_COATED_OSMIUM;XIRECS;9991.0;6
976700;;;INTARIAN_PEPPER_ROOT;XIRECS;11983.0;2
978200;;;INTARIAN_PEPPER_ROOT;XIRECS;11985.0;5
981000;;;ASH_COATED_OSMIUM;XIRECS;10012.0;5
984300;;;ASH_COATED_OSMIUM;XIRECS;10012.0;3
985500;;;ASH_COATED_OSMIUM;XIRECS;9996.0;2
986400;;;ASH_COATED_OSMIUM;XIRECS;10012.0;1
986800;;;ASH_COATED_OSMIUM;XIRECS;9995.0;6
987300;;;ASH_COATED_OSMIUM;XIRECS;10011.0;6
989100;;;ASH_COATED_OSMIUM;XIRECS;9994.0;1
989700;;;INTARIAN_PEPPER_ROOT;XIRECS;11983.0;3
990900;;;INTARIAN_PEPPER_ROOT;XIRECS;11984.0;6
991400;;;ASH_COATED_OSMIUM;XIRECS;9993.0;8
993300;;;ASH_COATED_OSMIUM;XIRECS;9994.0;4
994200;;;INTARIAN_PEPPER_ROOT;XIRECS;11988.0;1
995100;;;INTARIAN_PEPPER_ROOT;XIRECS;11998.0;5
995400;;;ASH_COATED_OSMIUM;XIRECS;10010.0;5
997000;;;ASH_COATED_OSMIUM;XIRECS;9992.0;4
