timestamp;buyer;seller;symbol;currency;price;quantity
0;;;ASH_COATED_OSMIUM;XIRECS;9995.0;6
3600;;;ASH_COATED_OSMIUM;XIRECS;10009.0;2
4200;;;ASH_COATED_OSMIUM;XIRECS;10011.0;2
4400;;;INTARIAN_PEPPER_ROOT;XIRECS;12011.0;5
4800;;;INTARIAN_PEPPER_ROOT;XIRECS;12008.0;3
9100;;;ASH_COATED_OSMIUM;XIRECS;9998.0;4
9600;;;ASH_COATED_OSMIUM;XIRECS;9993.0;2
10000;;;ASH_COATED_OSMIUM;XIRECS;9994.0;7
15100;;;ASH_COATED_OSMIUM;XIRECS;10010.0;5
23000;;;INTARIAN_PEPPER_ROOT;XIRECS;12016.0;4
23100;;;INTARIAN_PEPPER_ROOT;XIRECS;12019.0;4
23900;;;ASH_COATED_OSMIUM;XIRECS;9990.0;3
24300;;;ASH_COATED_OSMIUM;XIRECS;9993.0;3
24600;;;ASH_COATED_OSMIUM;XIRECS;9992.0;3
30400;;;ASH_COATED_OSMIUM;XIRECS;10009.0;2
30400;;;INTARIAN_PEPPER_ROOT;XIRECS;12037.0;6
32800;;;ASH_COATED_OSMIUM;XIRECS;9992.0;4
34400;;;INTARIAN_PEPPER_ROOT;XIRECS;12041.0;3
34500;;;ASH_COATED_OSMIUM;XIRECS;9993.0;4
35700;;;INTARIAN_PEPPER_ROOT;XIRECS;12039.0;3
35800;;;INTARIAN_PEPPER_ROOT;XIRECS;12032.0;6
36500;;;ASH_COATED_OSMIUM;XIRECS;10010.0;2
37900;;;ASH_COATED_OSMIUM;XIRECS;9990.0;4
38400;;;ASH_COATED_OSMIUM;XIRECS;10009.0;3
38500;;;INTARIAN_PEPPER_ROOT;XIRECS;12032.0;5
39100;;;ASH_COATED_OSMIUM;XIRECS;10009.0;4
39900;;;ASH_COATED_OSMIUM;XIRECS;10010.0;6
41500;;;ASH_COATED_OSMIUM;XIRECS;10009.0;5
42800;;;INTARIAN_PEPPER_ROOT;XIRECS;12049.0;4
50900;;;ASH_COATED_OSMIUM;XIRECS;9990.0;4
51400;;;INTARIAN_PEPPER_ROOT;XIRECS;12045.0;3
52600;;;INTARIAN_PEPPER_ROOT;XIRECS;12056.0;7
54600;;;ASH_COATED_OSMIUM;XIRECS;9988.0;6
58400;;;ASH_COATED_OSMIUM;XIRECS;9987.0;2
63700;;;ASH_COATED_OSMIUM;XIRECS;9989.0;2
64900;;;ASH_COATED_OSMIUM;XIRECS;10004.0;4
67600;;;INTARIAN_PEPPER_ROOT;XIRECS;12071.0;4
68000;;;ASH_COATED_OSMIUM;XIRECS;10005.0;3
70400;;;INTARIAN_PEPPER_ROOT;XIRECS;12074.0;5
73700;;;INTARIAN_PEPPER_ROOT;XIRECS;12067.0;3
76500;;;ASH_COATED_OSMIUM;XIRECS;10012.0;6
83700;;;ASH_COATED_OSMIUM;XIRECS;10005.0;1
84400;;;INTARIAN_PEPPER_ROOT;XIRECS;12088.0;3
84600;;;INTARIAN_PEPPER_ROOT;XIRECS;12091.0;5
85500;;;ASH_COATED_OSMIUM;XIRECS;9988.0;5
85700;;;ASH_COATED_OSMIUM;XIRECS;9995.0;2
85900;;;ASH_COATED_OSMIUM;XIRECS;9986.0;4
87400;;;INTARIAN_PEPPER_ROOT;XIRECS;12081.0;3
90200;;;ASH_COATED_OSMIUM;XIRECS;10011.0;10
90700;;;ASH_COATED_OSMIUM;XIRECS;10011.0;1
90800;;;ASH_COATED_OSMIUM;XIRECS;9995.0;3
91700;;;INTARIAN_PEPPER_ROOT;XIRECS;12088.0;6
92500;;;INTARIAN_PEPPER_ROOT;XIRECS;12099.0;3
96900;;;ASH_COATED_OSMIUM;XIRECS;10007.0;6
96900;;;ASH_COATED_OSMIUM;XIRECS;10007.0;6
97200;;;INTARIAN_PEPPER_ROOT;XIRECS;12104.0;7
105900;;;ASH_COATED_OSMIUM;XIRECS;10013.0;4
107000;;;INTARIAN_PEPPER_ROOT;XIRECS;12114.0;4
107200;;;ASH_COATED_OSMIUM;XIRECS;9995.0;1
108800;;;INTARIAN_PEPPER_ROOT;XIRECS;12112.0;2
109800;;;INTARIAN_PEPPER_ROOT;XIRECS;12116.0;3
109800;;;INTARIAN_PEPPER_ROOT;XIRECS;12113.0;3
111600;;;ASH_COATED_OSMIUM;XIRECS;9993.0;5
116100;;;ASH_COATED_OSMIUM;XIRECS;9993.0;7
117500;;;INTARIAN_PEPPER_ROOT;XIRECS;12111.0;4
120100;;;INTARIAN_PEPPER_ROOT;XIRECS;12127.0;4
122000;;;ASH_COATED_OSMIUM;XIRECS;10012.0;6
122300;;;ASH_COATED_OSMIUM;XIRECS;10012.0;4
122400;;;INTARIAN_PEPPER_ROOT;XIRECS;12129.0;5
124500;;;ASH_COATED_OSMIUM;XIRECS;9992.0;2
126400;;;ASH_COATED_OSMIUM;XIRECS;9993.0;5
126500;;;ASH_COATED_OSMIUM;XIRECS;9993.0;4
127800;;;ASH_COATED_OSMIUM;XIRECS;10012.0;2
127800;;;INTARIAN_PEPPER_ROOT;XIRECS;12121.0;2
129500;;;INTARIAN_PEPPER_ROOT;XIRECS;12136.0;2
130300;;;ASH_COATED_OSMIUM;XIRECS;10011.0;1
131000;;;ASH_COATED_OSMIUM;XIRECS;10008.0;6
132300;;;INTARIAN_PEPPER_ROOT;XIRECS;12126.0;3
137700;;;ASH_COATED_OSMIUM;XIRECS;10012.0;3
138000;;;INTARIAN_PEPPER_ROOT;XIRECS;12131.0;4
139400;;;ASH_COATED_OSMIUM;XIRECS;9995.0;5
141900;;;INTARIAN_PEPPER_ROOT;XIRECS;12135.0;3
142000;;;ASH_COATED_OSMIUM;XIRECS;9994.0;2
142200;;;ASH_COATED_OSMIUM;XIRECS;9994.0;6
142300;;;INTARIAN_PEPPER_ROOT;XIRECS;12145.0;5
146700;;;ASH_COATED_OSMIUM;XIRECS;10010.0;5
148200;;;INTARIAN_PEPPER_ROOT;XIRECS;12142.0;6
153200;;;ASH_COATED_OSMIUM;XIRECS;9996.0;3
154600;;;ASH_COATED_OSMIUM;XIRECS;9995.0;1
155300;;;ASH_COATED_OSMIUM;XIRECS;10012.0;8
155700;;;ASH_COATED_OSMIUM;XIRECS;10015.0;4
155800;;;ASH_COATED_OSMIUM;XIRECS;9997.0;4
164100;;;INTARIAN_PEPPER_ROOT;XIRECS;12167.0;4
165300;;;ASH_COATED_OSMIUM;XIRECS;9998.0;4
170300;;;INTARIAN_PEPPER_ROOT;XIRECS;12177.0;5
170500;;;INTARIAN_PEPPER_ROOT;XIRECS;12174.0;4
172700;;;ASH_COATED_OSMIUM;XIRECS;10015.0;4
173100;;;ASH_COATED_OSMIUM;XIRECS;10009.0;2
177700;;;ASH_COATED_OSMIUM;XIRECS;9998.0;9
177900;;;INTARIAN_PEPPER_ROOT;XIRECS;12171.0;4
181600;;;ASH_COATED_OSMIUM;XIRECS;9999.0;1
182700;;;ASH_COATED_OSMIUM;XIRECS;9998.0;5
184700;;;ASH_COATED_OSMIUM;XIRECS;10008.0;3
184800;;;ASH_COATED_OSMIUM;XIRECS;9999.0;1
185900;;;ASH_COATED_OSMIUM;XIRECS;10000.0;9
186800;;;ASH_COATED_OSMIUM;XIRECS;9999.0;3
190400;;;ASH_COATED_OSMIUM;XIRECS;10012.0;3
192600;;;ASH_COATED_OSMIUM;XIRECS;9997.0;7
192900;;;ASH_COATED_OSMIUM;XIRECS;10013.0;8
194900;;;INTARIAN_PEPPER_ROOT;XIRECS;12191.0;4
197300;;;ASH_COATED_OSMIUM;XIRECS;9997.0;4
200100;;;ASH_COATED_OSMIUM;XIRECS;9997.0;5
200400;;;ASH_COATED_OSMIUM;XIRECS;10014.0;2
200700;;;ASH_COATED_OSMIUM;XIRECS;10012.0;7
201700;;;ASH_COATED_OSMIUM;XIRECS;9994.0;3
204000;;;INTARIAN_PEPPER_ROOT;XIRECS;12211.0;6
204600;;;INTARIAN_PEPPER_ROOT;XIRECS;12198.0;5
206600;;;ASH_COATED_OSMIUM;XIRECS;9993.0;7
208900;;;ASH_COATED_OSMIUM;XIRECS;9988.0;5
210000;;;ASH_COATED_OSMIUM;XIRECS;9987.0;3
212100;;;INTARIAN_PEPPER_ROOT;XIRECS;12215.0;4
212700;;;ASH_COATED_OSMIUM;XIRECS;9987.0;5
215000;;;INTARIAN_PEPPER_ROOT;XIRECS;12225.0;7
217000;;;INTARIAN_PEPPER_ROOT;XIRECS;12224.0;4
220600;;;INTARIAN_PEPPER_ROOT;XIRECS;12216.0;3
222900;;;ASH_COATED_OSMIUM;XIRECS;10011.0;2
224300;;;INTARIAN_PEPPER_ROOT;XIRECS;12231.0;2
224900;;;ASH_COATED_OSMIUM;XIRECS;10008.0;5
225000;;;INTARIAN_PEPPER_ROOT;XIRECS;12218.0;5
226200;;;ASH_COATED_OSMIUM;XIRECS;9989.0;6
228000;;;ASH_COATED_OSMIUM;XIRECS;9990.0;4
229200;;;ASH_COATED_OSMIUM;XIRECS;10001.0;1
229600;;;ASH_COATED_OSMIUM;XIRECS;10011.0;3
234600;;;INTARIAN_PEPPER_ROOT;XIRECS;12241.0;3
235600;;;ASH_COATED_OSMIUM;XIRECS;9989.0;6
236500;;;ASH_COATED_OSMIUM;XIRECS;9989.0;1
236600;;;ASH_COATED_OSMIUM;XIRECS;9990.0;3
237000;;;ASH_COATED_OSMIUM;XIRECS;10005.0;4
237500;;;INTARIAN_PEPPER_ROOT;XIRECS;12244.0;4
239700;;;INTARIAN_PEPPER_ROOT;XIRECS;12246.0;4
241700;;;ASH_COATED_OSMIUM;XIRECS;9988.0;5
242000;;;INTARIAN_PEPPER_ROOT;XIRECS;12249.0;7
242800;;;ASH_COATED_OSMIUM;XIRECS;10003.0;5
243700;;;ASH_COATED_OSMIUM;XIRECS;10006.0;6
246200;;;ASH_COATED_OSMIUM;XIRECS;9986.0;8
247600;;;ASH_COATED_OSMIUM;XIRECS;9985.0;4
248700;;;INTARIAN_PEPPER_ROOT;XIRECS;12242.0;3
251700;;;ASH_COATED_OSMIUM;XIRECS;9985.0;3
252300;;;ASH_COATED_OSMIUM;XIRECS;10001.0;5
252400;;;ASH_COATED_OSMIUM;XIRECS;10004.0;7
258300;;;ASH_COATED_OSMIUM;XIRECS;10003.0;7
259400;;;ASH_COATED_OSMIUM;XIRECS;9989.0;8
260100;;;INTARIAN_PEPPER_ROOT;XIRECS;12267.0;4
260500;;;ASH_COATED_OSMIUM;XIRECS;10008.0;4
260600;;;ASH_COATED_OSMIUM;XIRECS;10006.0;2
261300;;;ASH_COATED_OSMIUM;XIRECS;9988.0;2
265000;;;ASH_COATED_OSMIUM;XIRECS;9991.0;5
267000;;;ASH_COATED_OSMIUM;XIRECS;9993.0;8
267500;;;INTARIAN_PEPPER_ROOT;XIRECS;12261.0;1
268800;;;ASH_COATED_OSMIUM;XIRECS;10012.0;5
269400;;;ASH_COATED_OSMIUM;XIRECS;9993.0;3
271100;;;INTARIAN_PEPPER_ROOT;XIRECS;12267.0;2
271800;;;ASH_COATED_OSMIUM;XIRECS;10011.0;4
272800;;;ASH_COATED_OSMIUM;XIRECS;10012.0;6
274100;;;INTARIAN_PEPPER_ROOT;XIRECS;12270.0;5
275600;;;ASH_COATED_OSMIUM;XIRECS;10011.0;3
282500;;;ASH_COATED_OSMIUM;XIRECS;9994.0;3
282600;;;INTARIAN_PEPPER_ROOT;XIRECS;12286.0;6
282700;;;ASH_COATED_OSMIUM;XIRECS;10004.0;3
295500;;;ASH_COATED_OSMIUM;XIRECS;10009.0;6
297000;;;ASH_COATED_OSMIUM;XIRECS;10010.0;7
300000;;;INTARIAN_PEPPER_ROOT;XIRECS;12307.0;5
301600;;;ASH_COATED_OSMIUM;XIRECS;9994.0;7
306000;;;INTARIAN_PEPPER_ROOT;XIRECS;12309.0;3
306200;;;ASH_COATED_OSMIUM;XIRECS;9994.0;4
306500;;;ASH_COATED_OSMIUM;XIRECS;10010.0;4
307600;;;ASH_COATED_OSMIUM;XIRECS;9994.0;5
310000;;;ASH_COATED_OSMIUM;XIRECS;10008.0;8
310900;;;ASH_COATED_OSMIUM;XIRECS;10009.0;6
313100;;;ASH_COATED_OSMIUM;XIRECS;9995.0;2
313600;;;ASH_COATED_OSMIUM;XIRECS;10012.0;2
314400;;;INTARIAN_PEPPER_ROOT;XIRECS;12321.0;4
320900;;;ASH_COATED_OSMIUM;XIRECS;10016.0;5
323500;;;ASH_COATED_OSMIUM;XIRECS;9994.0;4
324600;;;ASH_COATED_OSMIUM;XIRECS;9993.0;1
325000;;;ASH_COATED_OSMIUM;XIRECS;10009.0;4
327400;;;INTARIAN_PEPPER_ROOT;XIRECS;12321.0;4
329000;;;ASH_COATED_OSMIUM;XIRECS;9993.0;7
330600;;;ASH_COATED_OSMIUM;XIRECS;9994.0;2
331500;;;INTARIAN_PEPPER_ROOT;XIRECS;12325.0;2
331800;;;ASH_COATED_OSMIUM;XIRECS;10011.0;8
332800;;;ASH_COATED_OSMIUM;XIRECS;10010.0;5
334400;;;INTARIAN_PEPPER_ROOT;XIRECS;12341.0;3
334700;;;INTARIAN_PEPPER_ROOT;XIRECS;12328.0;3
335300;;;INTARIAN_PEPPER_ROOT;XIRECS;12342.0;3
335400;;;INTARIAN_PEPPER_ROOT;XIRECS;12339.0;5
335800;;;ASH_COATED_OSMIUM;XIRECS;9994.0;2
336400;;;ASH_COATED_OSMIUM;XIRECS;10012.0;8
336500;;;INTARIAN_PEPPER_ROOT;XIRECS;12343.0;3
336800;;;ASH_COATED_OSMIUM;XIRECS;9994.0;3
337300;;;ASH_COATED_OSMIUM;XIRECS;9995.0;4
337400;;;INTARIAN_PEPPER_ROOT;XIRECS;12328.0;6
340700;;;ASH_COATED_OSMIUM;XIRECS;10009.0;1
341200;;;ASH_COATED_OSMIUM;XIRECS;9994.0;1
344000;;;INTARIAN_PEPPER_ROOT;XIRECS;12340.0;2
344200;;;ASH_COATED_OSMIUM;XIRECS;9996.0;4
345800;;;ASH_COATED_OSMIUM;XIRECS;9996.0;2
346200;;;ASH_COATED_OSMIUM;XIRECS;9995.0;3
349400;;;ASH_COATED_OSMIUM;XIRECS;10009.0;4
350900;;;INTARIAN_PEPPER_ROOT;XIRECS;12358.0;2
351800;;;ASH_COATED_OSMIUM;XIRECS;10010.0;4
352300;;;INTARIAN_PEPPER_ROOT;XIRECS;12356.0;7
353000;;;ASH_COATED_OSMIUM;XIRECS;9993.0;5
354000;;;INTARIAN_PEPPER_ROOT;XIRECS;12361.0;6
356800;;;INTARIAN_PEPPER_ROOT;XIRECS;12350.0;6
358400;;;ASH_COATED_OSMIUM;XIRECS;10011.0;2
359300;;;ASH_COATED_OSMIUM;XIRECS;9995.0;3
360800;;;INTARIAN_PEPPER_ROOT;XIRECS;12367.0;3
361400;;;ASH_COATED_OSMIUM;XIRECS;9994.0;2
361600;;;INTARIAN_PEPPER_ROOT;XIRECS;12357.0;5
365300;;;ASH_COATED_OSMIUM;XIRECS;9994.0;2
365400;;;INTARIAN_PEPPER_ROOT;XIRECS;12361.0;4
367300;;;INTARIAN_PEPPER_ROOT;XIRECS;12361.0;4
370900;;;INTARIAN_PEPPER_ROOT;XIRECS;12378.0;4
374600;;;INTARIAN_PEPPER_ROOT;XIRECS;12381.0;3
375300;;;ASH_COATED_OSMIUM;XIRECS;9995.0;4
376700;;;INTARIAN_PEPPER_ROOT;XIRECS;12372.0;5
377400;;;ASH_COATED_OSMIUM;XIRECS;9994.0;3
380800;;;INTARIAN_PEPPER_ROOT;XIRECS;12387.0;1
380900;;;ASH_COATED_OSMIUM;XIRECS;9995.0;7
383000;;;ASH_COATED_OSMIUM;XIRECS;10009.0;5
384000;;;ASH_COATED_OSMIUM;XIRECS;9990.0;3
389800;;;ASH_COATED_OSMIUM;XIRECS;10009.0;9
389900;;;ASH_COATED_OSMIUM;XIRECS;9990.0;4
391100;;;ASH_COATED_OSMIUM;XIRECS;9992.0;4
392300;;;ASH_COATED_OSMIUM;XIRECS;10010.0;4
399100;;;INTARIAN_PEPPER_ROOT;XIRECS;12392.0;1
401700;;;ASH_COATED_OSMIUM;XIRECS;10012.0;4
405200;;;ASH_COATED_OSMIUM;XIRECS;9992.0;2
414000;;;ASH_COATED_OSMIUM;XIRECS;10010.0;4
416100;;;ASH_COATED_OSMIUM;XIRECS;9994.0;2
419000;;;INTARIAN_PEPPER_ROOT;XIRECS;12412.0;6
419200;;;INTARIAN_PEPPER_ROOT;XIRECS;12426.0;2
420300;;;INTARIAN_PEPPER_ROOT;XIRECS;12414.0;7
423300;;;INTARIAN_PEPPER_ROOT;XIRECS;12417.0;4
425200;;;ASH_COATED_OSMIUM;XIRECS;10006.0;4
427600;;;INTARIAN_PEPPER_ROOT;XIRECS;12421.0;6
432100;;;INTARIAN_PEPPER_ROOT;XIRECS;12428.0;6
432800;;;ASH_COATED_OSMIUM;XIRECS;9991.0;6
433700;;;ASH_COATED_OSMIUM;XIRECS;9990.0;4
436100;;;INTARIAN_PEPPER_ROOT;XIRECS;12439.0;4
437600;;;INTARIAN_PEPPER_ROOT;XIRECS;12428.0;2
439100;;;ASH_COATED_OSMIUM;XIRECS;10008.0;3
439800;;;ASH_COATED_OSMIUM;XIRECS;10011.0;7
440800;;;INTARIAN_PEPPER_ROOT;XIRECS;12434.0;4
442100;;;ASH_COATED_OSMIUM;XIRECS;10003.0;3
442700;;;ASH_COATED_OSMIUM;XIRECS;10010.0;5
443000;;;ASH_COATED_OSMIUM;XIRECS;10010.0;4
445000;;;ASH_COATED_OSMIUM;XIRECS;10010.0;6
449100;;;ASH_COATED_OSMIUM;XIRECS;9995.0;6
450800;;;ASH_COATED_OSMIUM;XIRECS;10001.0;3
451800;;;ASH_COATED_OSMIUM;XIRECS;9996.0;3
452300;;;ASH_COATED_OSMIUM;XIRECS;10012.0;7
453000;;;INTARIAN_PEPPER_ROOT;XIRECS;12456.0;3
453400;;;ASH_COATED_OSMIUM;XIRECS;9998.0;6
453700;;;ASH_COATED_OSMIUM;XIRECS;10008.0;1
456000;;;ASH_COATED_OSMIUM;XIRECS;10015.0;3
456100;;;INTARIAN_PEPPER_ROOT;XIRECS;12446.0;6
458400;;;ASH_COATED_OSMIUM;XIRECS;10014.0;5
458700;;;INTARIAN_PEPPER_ROOT;XIRECS;12469.0;5
459600;;;INTARIAN_PEPPER_ROOT;XIRECS;12453.0;4
461900;;;INTARIAN_PEPPER_ROOT;XIRECS;12469.0;4
463900;;;ASH_COATED_OSMIUM;XIRECS;10013.0;6
464300;;;INTARIAN_PEPPER_ROOT;XIRECS;12471.0;3
465500;;;ASH_COATED_OSMIUM;XIRECS;10013.0;5
466000;;;INTARIAN_PEPPER_ROOT;XIRECS;12462.0;3
467300;;;INTARIAN_PEPPER_ROOT;XIRECS;12461.0;2
467800;;;ASH_COATED_OSMIUM;XIRECS;10007.0;1
467800;;;ASH_COATED_OSMIUM;XIRECS;10014.0;5
468100;;;ASH_COATED_OSMIUM;XIRECS;9995.0;5
469000;;;INTARIAN_PEPPER_ROOT;XIRECS;12462.0;6
471900;;;ASH_COATED_OSMIUM;XIRECS;10014.0;4
472200;;;ASH_COATED_OSMIUM;XIRECS;9997.0;2
473000;;;INTARIAN_PEPPER_ROOT;XIRECS;12476.0;4
473600;;;INTARIAN_PEPPER_ROOT;XIRECS;12467.0;5
474000;;;INTARIAN_PEPPER_ROOT;XIRECS;12477.0;5
476400;;;ASH_COATED_OSMIUM;XIRECS;10008.0;3
477200;;;ASH_COATED_OSMIUM;XIRECS;9991.0;6
477600;;;INTARIAN_PEPPER_ROOT;XIRECS;12484.0;3
478500;;;ASH_COATED_OSMIUM;XIRECS;9991.0;2
478600;;;ASH_COATED_OSMIUM;XIRECS;9991.0;4
479600;;;ASH_COATED_OSMIUM;XIRECS;9991.0;2
482100;;;INTARIAN_PEPPER_ROOT;XIRECS;12475.0;4
482600;;;ASH_COATED_OSMIUM;XIRECS;9989.0;3
487500;;;ASH_COATED_OSMIUM;XIRECS;9990.0;3
489400;;;INTARIAN_PEPPER_ROOT;XIRECS;12483.0;3
489700;;;ASH_COATED_OSMIUM;XIRECS;10013.0;4
490300;;;INTARIAN_PEPPER_ROOT;XIRECS;12484.0;5
493800;;;INTARIAN_PEPPER_ROOT;XIRECS;12487.0;3
494300;;;ASH_COATED_OSMIUM;XIRECS;10010.0;3
495800;;;INTARIAN_PEPPER_ROOT;XIRECS;12489.0;3
498900;;;ASH_COATED_OSMIUM;XIRECS;9992.0;7
500000;;;ASH_COATED_OSMIUM;XIRECS;9990.0;4
500000;;;INTARIAN_PEPPER_ROOT;XIRECS;12503.0;3
501300;;;INTARIAN_PEPPER_ROOT;XIRECS;12505.0;4
502100;;;ASH_COATED_OSMIUM;XIRECS;9991.0;3
502700;;;ASH_COATED_OSMIUM;XIRECS;10007.0;2
503100;;;ASH_COATED_OSMIUM;XIRECS;9996.0;1
503300;;;INTARIAN_PEPPER_ROOT;XIRECS;12497.0;6
507800;;;INTARIAN_PEPPER_ROOT;XIRECS;12501.0;2
511000;;;ASH_COATED_OSMIUM;XIRECS;9997.0;2
511700;;;ASH_COATED_OSMIUM;XIRECS;10014.0;3
512500;;;ASH_COATED_OSMIUM;XIRECS;10014.0;4
512800;;;ASH_COATED_OSMIUM;XIRECS;9996.0;7
514300;;;ASH_COATED_OSMIUM;XIRECS;9995.0;3
516100;;;ASH_COATED_OSMIUM;XIRECS;10013.0;2
519200;;;INTARIAN_PEPPER_ROOT;XIRECS;12526.0;7
520100;;;ASH_COATED_OSMIUM;XIRECS;10015.0;6
520700;;;INTARIAN_PEPPER_ROOT;XIRECS;12514.0;4
521800;;;ASH_COATED_OSMIUM;XIRECS;9996.0;3
525700;;;ASH_COATED_OSMIUM;XIRECS;9997.0;2
531600;;;INTARIAN_PEPPER_ROOT;XIRECS;12525.0;1
532300;;;ASH_COATED_OSMIUM;XIRECS;9998.0;3
536700;;;INTARIAN_PEPPER_ROOT;XIRECS;12543.0;2
537200;;;ASH_COATED_OSMIUM;XIRECS;10019.0;3
539900;;;INTARIAN_PEPPER_ROOT;XIRECS;12533.0;5
540100;;;ASH_COATED_OSMIUM;XIRECS;10020.0;2
544700;;;INTARIAN_PEPPER_ROOT;XIRECS;12548.0;5
547300;;;ASH_COATED_OSMIUM;XIRECS;10005.0;5
552900;;;ASH_COATED_OSMIUM;XIRECS;10005.0;9
554400;;;ASH_COATED_OSMIUM;XIRECS;10004.0;7
555700;;;INTARIAN_PEPPER_ROOT;XIRECS;12551.0;5
556000;;;INTARIAN_PEPPER_ROOT;XIRECS;12549.0;3
556700;;;ASH_COATED_OSMIUM;XIRECS;10005.0;2
556700;;;INTARIAN_PEPPER_ROOT;XIRECS;12552.0;6
556800;;;INTARIAN_PEPPER_ROOT;XIRECS;12564.0;2
557700;;;ASH_COATED_OSMIUM;XIRECS;10003.0;6
560300;;;ASH_COATED_OSMIUM;XIRECS;10019.0;3
561300;;;INTARIAN_PEPPER_ROOT;XIRECS;12557.0;3
563700;;;ASH_COATED_OSMIUM;XIRECS;10016.0;3
564900;;;INTARIAN_PEPPER_ROOT;XIRECS;12561.0;4
566100;;;INTARIAN_PEPPER_ROOT;XIRECS;12562.0;1
566600;;;ASH_COATED_OSMIUM;XIRECS;10018.0;6
567300;;;ASH_COATED_OSMIUM;XIRECS;10002.0;7
570000;;;INTARIAN_PEPPER_ROOT;XIRECS;12577.0;2
573000;;;ASH_COATED_OSMIUM;XIRECS;10016.0;2
573500;;;INTARIAN_PEPPER_ROOT;XIRECS;12569.0;3
574000;;;ASH_COATED_OSMIUM;XIRECS;10001.0;1
574300;;;ASH_COATED_OSMIUM;XIRECS;10001.0;1
579600;;;INTARIAN_PEPPER_ROOT;XIRECS;12590.0;3
579800;;;INTARIAN_PEPPER_ROOT;XIRECS;12587.0;6
580300;;;INTARIAN_PEPPER_ROOT;XIRECS;12574.0;5
582300;;;INTARIAN_PEPPER_ROOT;XIRECS;12576.0;4
583900;;;ASH_COATED_OSMIUM;XIRECS;10014.0;4
584000;;;ASH_COATED_OSMIUM;XIRECS;10013.0;6
584400;;;INTARIAN_PEPPER_ROOT;XIRECS;12591.0;2
585300;;;INTARIAN_PEPPER_ROOT;XIRECS;12579.0;3
590400;;;INTARIAN_PEPPER_ROOT;XIRECS;12600.0;2
593800;;;INTARIAN_PEPPER_ROOT;XIRECS;12601.0;3
594800;;;ASH_COATED_OSMIUM;XIRECS;10013.0;1
600500;;;INTARIAN_PEPPER_ROOT;XIRECS;12594.0;4
605900;;;INTARIAN_PEPPER_ROOT;XIRECS;12599.0;3
607200;;;ASH_COATED_OSMIUM;XIRECS;9996.0;3
610500;;;INTARIAN_PEPPER_ROOT;XIRECS;12604.0;5
611400;;;ASH_COATED_OSMIUM;XIRECS;9993.0;5
611700;;;ASH_COATED_OSMIUM;XIRECS;9993.0;5
612000;;;ASH_COATED_OSMIUM;XIRECS;10001.0;2
612300;;;INTARIAN_PEPPER_ROOT;XIRECS;12608.0;5
619500;;;INTARIAN_PEPPER_ROOT;XIRECS;12626.0;5
622700;;;ASH_COATED_OSMIUM;XIRECS;10016.0;3
623400;;;INTARIAN_PEPPER_ROOT;XIRECS;12633.0;4
628900;;;ASH_COATED_OSMIUM;XIRECS;10008.0;5
629200;;;INTARIAN_PEPPER_ROOT;XIRECS;12622.0;2
631100;;;INTARIAN_PEPPER_ROOT;XIRECS;12624.0;6
632100;;;ASH_COATED_OSMIUM;XIRECS;10009.0;3
634000;;;ASH_COATED_OSMIUM;XIRECS;9995.0;2
634500;;;INTARIAN_PEPPER_ROOT;XIRECS;12644.0;6
637100;;;INTARIAN_PEPPER_ROOT;XIRECS;12647.0;5
639000;;;INTARIAN_PEPPER_ROOT;XIRECS;12646.0;2
639100;;;ASH_COATED_OSMIUM;XIRECS;10012.0;6
639300;;;INTARIAN_PEPPER_ROOT;XIRECS;12632.0;2
640000;;;INTARIAN_PEPPER_ROOT;XIRECS;12633.0;4
640200;;;INTARIAN_PEPPER_ROOT;XIRECS;12647.0;5
640400;;;ASH_COATED_OSMIUM;XIRECS;9996.0;4
641500;;;INTARIAN_PEPPER_ROOT;XIRECS;12645.0;5
641800;;;ASH_COATED_OSMIUM;XIRECS;10012.0;5
642300;;;INTARIAN_PEPPER_ROOT;XIRECS;12652.0;4
642700;;;ASH_COATED_OSMIUM;XIRECS;10015.0;4
644100;;;ASH_COATED_OSMIUM;XIRECS;10011.0;4
645700;;;ASH_COATED_OSMIUM;XIRECS;10011.0;5
647300;;;ASH_COATED_OSMIUM;XIRECS;10014.0;2
650200;;;INTARIAN_PEPPER_ROOT;XIRECS;12653.0;5
650400;;;ASH_COATED_OSMIUM;XIRECS;9993.0;2
653200;;;INTARIAN_PEPPER_ROOT;XIRECS;12663.0;6
656600;;;INTARIAN_PEPPER_ROOT;XIRECS;12663.0;5
656900;;;ASH_COATED_OSMIUM;XIRECS;9990.0;7
658300;;;ASH_COATED_OSMIUM;XIRECS;10006.0;1
658400;;;ASH_COATED_OSMIUM;XIRECS;10006.0;5
660200;;;ASH_COATED_OSMIUM;XIRECS;10003.0;4
660600;;;INTARIAN_PEPPER_ROOT;XIRECS;12654.0;3
666400;;;ASH_COATED_OSMIUM;XIRECS;9982.0;3
666800;;;ASH_COATED_OSMIUM;XIRECS;9981.0;5
668000;;;ASH_COATED_OSMIUM;XIRECS;10000.0;2
668400;;;INTARIAN_PEPPER_ROOT;XIRECS;12675.0;3
670000;;;INTARIAN_PEPPER_ROOT;XIRECS;12677.0;6
672400;;;INTARIAN_PEPPER_ROOT;XIRECS;12662.0;3
673600;;;ASH_COATED_OSMIUM;XIRECS;9990.0;8
673600;;;INTARIAN_PEPPER_ROOT;XIRECS;12677.0;6
676800;;;ASH_COATED_OSMIUM;XIRECS;9987.0;3
677100;;;ASH_COATED_OSMIUM;XIRECS;9985.0;1
678000;;;INTARIAN_PEPPER_ROOT;XIRECS;12671.0;3
679200;;;ASH_COATED_OSMIUM;XIRECS;10002.0;5
681200;;;ASH_COATED_OSMIUM;XIRECS;10002.0;6
681900;;;ASH_COATED_OSMIUM;XIRECS;9992.0;3
682900;;;ASH_COATED_OSMIUM;XIRECS;10003.0;4
683100;;;INTARIAN_PEPPER_ROOT;XIRECS;12690.0;4
685400;;;ASH_COATED_OSMIUM;XIRECS;10001.0;7
687500;;;INTARIAN_PEPPER_ROOT;XIRECS;12681.0;2
687700;;;INTARIAN_PEPPER_ROOT;XIRECS;12683.0;5
688200;;;INTARIAN_PEPPER_ROOT;XIRECS;12698.0;3
689500;;;ASH_COATED_OSMIUM;XIRECS;10002.0;4
690100;;;INTARIAN_PEPPER_ROOT;XIRECS;12700.0;5
690300;;;ASH_COATED_OSMIUM;XIRECS;9984.0;4
690400;;;INTARIAN_PEPPER_ROOT;XIRECS;12680.0;2
690500;;;INTARIAN_PEPPER_ROOT;XIRECS;12697.0;2
690800;;;ASH_COATED_OSMIUM;XIRECS;9983.0;3
692200;;;INTARIAN_PEPPER_ROOT;XIRECS;12682.0;3
699700;;;ASH_COATED_OSMIUM;XIRECS;9990.0;3
699900;;;ASH_COATED_OSMIUM;XIRECS;9997.0;5
700300;;;ASH_COATED_OSMIUM;XIRECS;9997.0;6
700400;;;ASH_COATED_OSMIUM;XIRECS;9981.0;3
701000;;;INTARIAN_PEPPER_ROOT;XIRECS;12697.0;2
703000;;;INTARIAN_PEPPER_ROOT;XIRECS;12696.0;4
703900;;;ASH_COATED_OSMIUM;XIRECS;9984.0;1
705400;;;ASH_COATED_OSMIUM;XIRECS;9984.0;5
707800;;;ASH_COATED_OSMIUM;XIRECS;9982.0;4
708700;;;ASH_COATED_OSMIUM;XIRECS;9982.0;5
708800;;;INTARIAN_PEPPER_ROOT;XIRECS;12716.0;4
710200;;;ASH_COATED_OSMIUM;XIRECS;10000.0;2
712100;;;ASH_COATED_OSMIUM;XIRECS;9997.0;5
714900;;;ASH_COATED_OSMIUM;XIRECS;9985.0;5
717400;;;INTARIAN_PEPPER_ROOT;XIRECS;12724.0;3
722300;;;INTARIAN_PEPPER_ROOT;XIRECS;12726.0;2
723100;;;ASH_COATED_OSMIUM;XIRECS;9979.0;5
724700;;;INTARIAN_PEPPER_ROOT;XIRECS;12732.0;4
725700;;;ASH_COATED_OSMIUM;XIRECS;9980.0;6
726200;;;ASH_COATED_OSMIUM;XIRECS;9981.0;5
727400;;;INTARIAN_PEPPER_ROOT;XIRECS;12734.0;5
728600;;;INTARIAN_PEPPER_ROOT;XIRECS;12722.0;4
729100;;;ASH_COATED_OSMIUM;XIRECS;9999.0;7
729300;;;ASH_COATED_OSMIUM;XIRECS;9984.0;1
730400;;;ASH_COATED_OSMIUM;XIRECS;9999.0;2
730500;;;ASH_COATED_OSMIUM;XIRECS;9980.0;5
733700;;;INTARIAN_PEPPER_ROOT;XIRECS;12744.0;3
734800;;;ASH_COATED_OSMIUM;XIRECS;10001.0;3
734900;;;ASH_COATED_OSMIUM;XIRECS;9985.0;5
736500;;;ASH_COATED_OSMIUM;XIRECS;9999.0;4
737500;;;INTARIAN_PEPPER_ROOT;XIRECS;12741.0;2
742000;;;ASH_COATED_OSMIUM;XIRECS;10000.0;4
742000;;;INTARIAN_PEPPER_ROOT;XIRECS;12738.0;7
743500;;;ASH_COATED_OSMIUM;XIRECS;9984.0;3
745700;;;ASH_COATED_OSMIUM;XIRECS;9985.0;3
746100;;;ASH_COATED_OSMIUM;XIRECS;10001.0;7
750200;;;ASH_COATED_OSMIUM;XIRECS;9995.0;4
751900;;;ASH_COATED_OSMIUM;XIRECS;10005.0;4
753100;;;INTARIAN_PEPPER_ROOT;XIRECS;12760.0;5
754000;;;ASH_COATED_OSMIUM;XIRECS;10005.0;5
755500;;;ASH_COATED_OSMIUM;XIRECS;10005.0;3
755700;;;INTARIAN_PEPPER_ROOT;XIRECS;12749.0;6
755900;;;INTARIAN_PEPPER_ROOT;XIRECS;12766.0;3
756200;;;ASH_COATED_OSMIUM;XIRECS;9989.0;5
756600;;;ASH_COATED_OSMIUM;XIRECS;9990.0;8
756900;;;ASH_COATED_OSMIUM;XIRECS;9990.0;5
757200;;;ASH_COATED_OSMIUM;XIRECS;9990.0;7
758300;;;ASH_COATED_OSMIUM;XIRECS;9988.0;5
763200;;;INTARIAN_PEPPER_ROOT;XIRECS;12770.0;3
763700;;;ASH_COATED_OSMIUM;XIRECS;9987.0;4
763800;;;INTARIAN_PEPPER_ROOT;XIRECS;12771.0;5
763900;;;ASH_COATED_OSMIUM;XIRECS;9989.0;7
764500;;;INTARIAN_PEPPER_ROOT;XIRECS;12758.0;3
766000;;;INTARIAN_PEPPER_ROOT;XIRECS;12769.0;4
767000;;;ASH_COATED_OSMIUM;XIRECS;10006.0;8
770300;;;INTARIAN_PEPPER_ROOT;XIRECS;12763.0;4
775000;;;ASH_COATED_OSMIUM;XIRECS;9996.0;2
775500;;;INTARIAN_PEPPER_ROOT;XIRECS;12779.0;6
777000;;;INTARIAN_PEPPER_ROOT;XIRECS;12770.0;6
779900;;;ASH_COATED_OSMIUM;XIRECS;10005.0;1
782500;;;ASH_COATED_OSMIUM;XIRECS;10008.0;6
785300;;;INTARIAN_PEPPER_ROOT;XIRECS;12775.0;3
787000;;;INTARIAN_PEPPER_ROOT;XIRECS;12790.0;6
787500;;;INTARIAN_PEPPER_ROOT;XIRECS;12777.0;4
788000;;;ASH_COATED_OSMIUM;XIRECS;10008.0;4
791700;;;ASH_COATED_OSMIUM;XIRECS;9989.0;4
792300;;;ASH_COATED_OSMIUM;XIRECS;10005.0;8
793900;;;INTARIAN_PEPPER_ROOT;XIRECS;12801.0;4
796100;;;INTARIAN_PEPPER_ROOT;XIRECS;12799.0;4
796300;;;ASH_COATED_OSMIUM;XIRECS;9987.0;4
796500;;;INTARIAN_PEPPER_ROOT;XIRECS;12790.0;4
796600;;;INTARIAN_PEPPER_ROOT;XIRECS;12800.0;6
798600;;;INTARIAN_PEPPER_ROOT;XIRECS;12805.0;4
802400;;;ASH_COATED_OSMIUM;XIRECS;9994.0;3
803100;;;ASH_COATED_OSMIUM;XIRECS;10006.0;4
805800;;;ASH_COATED_OSMIUM;XIRECS;9991.0;2
806300;;;INTARIAN_PEPPER_ROOT;XIRECS;12799.0;7
806400;;;INTARIAN_PEPPER_ROOT;XIRECS;12817.0;2
811900;;;INTARIAN_PEPPER_ROOT;XIRECS;12802.0;5
813200;;;INTARIAN_PEPPER_ROOT;XIRECS;12803.0;3
815400;;;ASH_COATED_OSMIUM;XIRECS;10010.0;3
823500;;;INTARIAN_PEPPER_ROOT;XIRECS;12827.0;7
825200;;;INTARIAN_PEPPER_ROOT;XIRECS;12829.0;4
825700;;;INTARIAN_PEPPER_ROOT;XIRECS;12829.0;2
829800;;;INTARIAN_PEPPER_ROOT;XIRECS;12820.0;3
837300;;;INTARIAN_PEPPER_ROOT;XIRECS;12844.0;2
839500;;;ASH_COATED_OSMIUM;XIRECS;10015.0;2
839500;;;INTARIAN_PEPPER_ROOT;XIRECS;12846.0;4
841500;;;ASH_COATED_OSMIUM;XIRECS;9996.0;6
842800;;;ASH_COATED_OSMIUM;XIRECS;10013.0;5
842900;;;INTARIAN_PEPPER_ROOT;XIRECS;12836.0;1
843100;;;ASH_COATED_OSMIUM;XIRECS;9997.0;2
844300;;;INTARIAN_PEPPER_ROOT;XIRECS;12848.0;5
844800;;;INTARIAN_PEPPER_ROOT;XIRECS;12840.0;4
845100;;;ASH_COATED_OSMIUM;XIRECS;10013.0;1
845400;;;ASH_COATED_OSMIUM;XIRECS;10013.0;3
845400;;;INTARIAN_PEPPER_ROOT;XIRECS;12841.0;6
846200;;;INTARIAN_PEPPER_ROOT;XIRECS;12839.0;3
846700;;;ASH_COATED_OSMIUM;XIRECS;10016.0;2
846700;;;INTARIAN_PEPPER_ROOT;XIRECS;12857.0;5
847200;;;INTARIAN_PEPPER_ROOT;XIRECS;12854.0;3
847800;;;ASH_COATED_OSMIUM;XIRECS;9998.0;7
852300;;;ASH_COATED_OSMIUM;XIRECS;9998.0;3
854300;;;INTARIAN_PEPPER_ROOT;XIRECS;12861.0;1
857700;;;INTARIAN_PEPPER_ROOT;XIRECS;12851.0;2
858500;;;INTARIAN_PEPPER_ROOT;XIRECS;12852.0;5
859500;;;ASH_COATED_OSMIUM;XIRECS;9992.0;4
861000;;;INTARIAN_PEPPER_ROOT;XIRECS;12857.0;3
861900;;;INTARIAN_PEPPER_ROOT;XIRECS;12855.0;4
864800;;;ASH_COATED_OSMIUM;XIRECS;10006.0;7
867600;;;ASH_COATED_OSMIUM;XIRECS;9991.0;3
870000;;;INTARIAN_PEPPER_ROOT;XIRECS;12880.0;7
870700;;;ASH_COATED_OSMIUM;XIRECS;10007.0;4
871300;;;ASH_COATED_OSMIUM;XIRECS;9990.0;1
871500;;;ASH_COATED_OSMIUM;XIRECS;10007.0;1
875400;;;ASH_COATED_OSMIUM;XIRECS;9990.0;4
875800;;;INTARIAN_PEPPER_ROOT;XIRECS;12869.0;2
877900;;;ASH_COATED_OSMIUM;XIRECS;9991.0;6
878000;;;ASH_COATED_OSMIUM;XIRECS;10007.0;5
878000;;;INTARIAN_PEPPER_ROOT;XIRECS;12874.0;4
880600;;;ASH_COATED_OSMIUM;XIRECS;9992.0;4
881200;;;INTARIAN_PEPPER_ROOT;XIRECS;12885.0;3
883700;;;INTARIAN_PEPPER_ROOT;XIRECS;12877.0;3
886000;;;INTARIAN_PEPPER_ROOT;XIRECS;12889.0;3
889300;;;INTARIAN_PEPPER_ROOT;XIRECS;12896.0;3
891400;;;INTARIAN_PEPPER_ROOT;XIRECS;12895.0;4
892900;;;ASH_COATED_OSMIUM;XIRECS;10006.0;8
893000;;;ASH_COATED_OSMIUM;XIRECS;9987.0;4
898100;;;INTARIAN_PEPPER_ROOT;XIRECS;12894.0;7
899200;;;ASH_COATED_OSMIUM;XIRECS;10011.0;5
899500;;;INTARIAN_PEPPER_ROOT;XIRECS;12906.0;4
901500;;;ASH_COATED_OSMIUM;XIRECS;10008.0;6
904500;;;ASH_COATED_OSMIUM;XIRECS;10011.0;3
904900;;;ASH_COATED_OSMIUM;XIRECS;9992.0;3
905000;;;ASH_COATED_OSMIUM;XIRECS;9995.0;7
905100;;;INTARIAN_PEPPER_ROOT;XIRECS;12912.0;5
905700;;;ASH_COATED_OSMIUM;XIRECS;10014.0;5
907600;;;INTARIAN_PEPPER_ROOT;XIRECS;12915.0;4
909200;;;ASH_COATED_OSMIUM;XIRECS;9998.0;4
909900;;;ASH_COATED_OSMIUM;XIRECS;10016.0;4
911000;;;INTARIAN_PEPPER_ROOT;XIRECS;12904.0;5
912200;;;ASH_COATED_OSMIUM;XIRECS;10017.0;3
912600;;;INTARIAN_PEPPER_ROOT;XIRECS;12920.0;7
914900;;;INTARIAN_PEPPER_ROOT;XIRECS;12922.0;4
918600;;;INTARIAN_PEPPER_ROOT;XIRECS;12926.0;4
918800;;;ASH_COATED_OSMIUM;XIRECS;9999.0;2
920500;;;ASH_COATED_OSMIUM;XIRECS;10019.0;3
920500;;;INTARIAN_PEPPER_ROOT;XIRECS;12927.0;2
921100;;;INTARIAN_PEPPER_ROOT;XIRECS;12928.0;4
921200;;;ASH_COATED_OSMIUM;XIRECS;10020.0;6
922700;;;INTARIAN_PEPPER_ROOT;XIRECS;12930.0;3
922800;;;INTARIAN_PEPPER_ROOT;XIRECS;12916.0;5
923300;;;ASH_COATED_OSMIUM;XIRECS;10001.0;3
923800;;;ASH_COATED_OSMIUM;XIRECS;10011.0;3
927200;;;INTARIAN_PEPPER_ROOT;XIRECS;12931.0;3
928700;;;ASH_COATED_OSMIUM;XIRECS;9999.0;4
930600;;;ASH_COATED_OSMIUM;XIRECS;9998.0;4
932600;;;ASH_COATED_OSMIUM;XIRECS;10016.0;8
933700;;;INTARIAN_PEPPER_ROOT;XIRECS;12941.0;4
933900;;;ASH_COATED_OSMIUM;XIRECS;10015.0;2
935900;;;ASH_COATED_OSMIUM;XIRECS;9999.0;8
936600;;;INTARIAN_PEPPER_ROOT;XIRECS;12932.0;5
938700;;;ASH_COATED_OSMIUM;XIRECS;10014.0;1
939200;;;ASH_COATED_OSMIUM;XIRECS;10014.0;5
939500;;;ASH_COATED_OSMIUM;XIRECS;10015.0;8
942700;;;INTARIAN_PEPPER_ROOT;XIRECS;12938.0;3
946100;;;ASH_COATED_OSMIUM;XIRECS;9995.0;8
947900;;;INTARIAN_PEPPER_ROOT;XIRECS;12944.0;3
948000;;;INTARIAN_PEPPER_ROOT;XIRECS;12941.0;5
948200;;;INTARIAN_PEPPER_ROOT;XIRECS;12958.0;6
948400;;;ASH_COATED_OSMIUM;XIRECS;10015.0;7
949900;;;INTARIAN_PEPPER_ROOT;XIRECS;12957.0;4
956200;;;ASH_COATED_OSMIUM;XIRECS;10003.0;2
957400;;;INTARIAN_PEPPER_ROOT;XIRECS;12953.0;4
959100;;;INTARIAN_PEPPER_ROOT;XIRECS;12962.0;2
960000;;;ASH_COATED_OSMIUM;XIRECS;10002.0;3
964000;;;ASH_COATED_OSMIUM;XIRECS;10019.0;2
965000;;;INTARIAN_PEPPER_ROOT;XIRECS;12955.0;7
966200;;;INTARIAN_PEPPER_ROOT;XIRECS;12959.0;4
970000;;;INTARIAN_PEPPER_ROOT;XIRECS;12966.0;5
973900;;;INTARIAN_PEPPER_ROOT;XIRECS;12984.0;3
974600;;;ASH_COATED_OSMIUM;XIRECS;10017.0;3
974600;;;INTARIAN_PEPPER_ROOT;XIRECS;12968.0;3
975500;;;ASH_COATED_OSMIUM;XIRECS;10016.0;2
976500;;;ASH_COATED_OSMIUM;XIRECS;10000.0;4
976900;;;INTARIAN_PEPPER_ROOT;XIRECS;12984.0;2
977200;;;INTARIAN_PEPPER_ROOT;XIRECS;12973.0;3
978400;;;INTARIAN_PEPPER_ROOT;XIRECS;12985.0;5
980800;;;ASH_COATED_OSMIUM;XIRECS;10017.0;5
983000;;;INTARIAN_PEPPER_ROOT;XIRECS;12976.0;4
984100;;;ASH_COATED_OSMIUM;XIRECS;10018.0;4
985300;;;ASH_COATED_OSMIUM;XIRECS;9998.0;3
986200;;;ASH_COATED_OSMIUM;XIRECS;10017.0;3
986800;;;ASH_COATED_OSMIUM;XIRECS;9999.0;3
987100;;;ASH_COATED_OSMIUM;XIRECS;10016.0;5
987600;;;INTARIAN_PEPPER_ROOT;XIRECS;12981.0;2
988900;;;ASH_COATED_OSMIUM;XIRECS;9998.0;2
989900;;;INTARIAN_PEPPER_ROOT;XIRECS;12983.0;4
991400;;;ASH_COATED_OSMIUM;XIRECS;10002.0;8
993300;;;ASH_COATED_OSMIUM;XIRECS;10001.0;5
994400;;;INTARIAN_PEPPER_ROOT;XIRECS;12987.0;3
995200;;;ASH_COATED_OSMIUM;XIRECS;10016.0;5
