day;timestamp;product;bid_price_1;bid_volume_1;bid_price_2;bid_volume_2;bid_price_3;bid_volume_3;ask_price_1;ask_volume_1;ask_price_2;ask_volume_2;ask_price_3;ask_volume_3;mid_price;profit_and_loss
0;0;ASH_COATED_OSMIUM;9995.0;13;9992.0;18;;;10011.0;10;10013.0;17;;;10003.0;0.0
0;0;INTARIAN_PEPPER_ROOT;11991.0;23;;;;;12006.0;6;12009.0;20;;;11998.5;0.0
0;100;ASH_COATED_OSMIUM;9995.0;12;9992.0;18;;;10011.0;14;10013.0;20;;;10003.0;0.0
0;100;INTARIAN_PEPPER_ROOT;11991.0;16;;;;;12007.0;8;12010.0;17;;;11999.0;0.0
0;200;ASH_COATED_OSMIUM;9994.0;12;;;;;;;;;;;9994.0;0.0
0;200;INTARIAN_PEPPER_ROOT;11994.0;8;11991.0;18;;;12010.0;20;;;;;12002.0;0.0
0;300;ASH_COATED_OSMIUM;9994.0;9;9992.0;21;;;10013.0;23;;;;;10003.5;0.0
0;300;INTARIAN_PEPPER_ROOT;11994.0;7;;;;;12007.0;8;12010.0;18;;;12000.5;0.0
0;400;ASH_COATED_OSMIUM;10003.0;7;9994.0;5;9991.0;20;10010.0;7;10012.0;23;;;10006.5;0.0
0;400;INTARIAN_PEPPER_ROOT;11994.0;4;11991.0;11;;;12007.0;9;12010.0;13;;;12000.5;0.0
0;500;ASH_COATED_OSMIUM;9994.0;9;9991.0;16;;;10010.0;9;;;;;10002.0;0.0
0;500;INTARIAN_PEPPER_ROOT;;;;;;;12007.0;6;12010.0;15;;;12007.0;0.0
0;600;ASH_COATED_OSMIUM;9994.0;9;9991.0;18;;;10010.0;10;;;;;10002.0;0.0
0;600;INTARIAN_PEPPER_ROOT;11994.0;9;11991.0;21;;;12010.0;20;;;;;12002.0;0.0
0;700;ASH_COATED_OSMIUM;9994.0;9;9991.0;17;;;10012.0;19;;;;;10003.0;0.0
0;700;INTARIAN_PEPPER_ROOT;11994.0;8;11991.0;18;;;12007.0;6;12010.0;21;;;12000.5;0.0
0;800;ASH_COATED_OSMIUM;;;;;;;;;;;;;0.0;0.0
0;800;INTARIAN_PEPPER_ROOT;11994.0;6;11991.0;18;;;12007.0;7;;;;;12000.5;0.0
0;900;ASH_COATED_OSMIUM;9992.0;11;9990.0;17;;;10008.0;10;10011.0;17;;;10000.0;0.0
0;900;INTARIAN_PEPPER_ROOT;11991.0;22;;;;;12007.0;6;12010.0;21;;;11999.0;0.0
0;1000;ASH_COATED_OSMIUM;9990.0;23;;;;;10009.0;10;10011.0;23;;;9999.5;0.0
0;1000;INTARIAN_PEPPER_ROOT;11994.0;8;;;;;12007.0;8;12010.0;19;;;12000.5;0.0
0;1100;ASH_COATED_OSMIUM;9990.0;24;;;;;10009.0;9;;;;;9999.5;0.0
0;1100;INTARIAN_PEPPER_ROOT;11995.0;8;;;;;12008.0;9;12011.0;18;;;12001.5;0.0
0;1200;ASH_COATED_OSMIUM;9993.0;11;9991.0;23;;;10009.0;9;10012.0;24;;;10001.0;0.0
0;1200;INTARIAN_PEPPER_ROOT;11995.0;7;11992.0;17;;;12008.0;8;;;;;12001.5;0.0
0;1300;ASH_COATED_OSMIUM;9993.0;9;;;;;10009.0;10;10012.0;20;;;10001.0;0.0
0;1300;INTARIAN_PEPPER_ROOT;11995.0;8;11992.0;11;;;12008.0;9;12011.0;16;;;12001.5;0.0
0;1400;ASH_COATED_OSMIUM;9993.0;7;9990.0;17;;;10009.0;7;10011.0;22;;;10001.0;0.0
0;1400;INTARIAN_PEPPER_ROOT;11995.0;7;11992.0;12;;;12008.0;7;12011.0;14;;;12001.5;0.0
0;1500;ASH_COATED_OSMIUM;9992.0;12;9990.0;26;;;10008.0;9;10011.0;24;;;10000.0;0.0
0;1500;INTARIAN_PEPPER_ROOT;11995.0;6;11992.0;14;;;12008.0;10;12011.0;12;;;12001.5;0.0
0;1600;ASH_COATED_OSMIUM;9992.0;11;9990.0;18;;;10008.0;12;10011.0;21;;;10000.0;0.0
0;1600;INTARIAN_PEPPER_ROOT;11995.0;6;11992.0;19;;;12008.0;6;12011.0;15;;;12001.5;0.0
0;1700;ASH_COATED_OSMIUM;9992.0;13;9990.0;19;;;10008.0;12;;;;;10000.0;0.0
0;1700;INTARIAN_PEPPER_ROOT;11995.0;7;11992.0;12;;;12011.0;13;;;;;12003.0;0.0
0;1800;ASH_COATED_OSMIUM;9992.0;10;;;;;10001.0;4;10010.0;22;;;9996.5;0.0
0;1800;INTARIAN_PEPPER_ROOT;11995.0;7;11992.0;15;;;12011.0;13;;;;;12003.0;0.0
0;1900;ASH_COATED_OSMIUM;9992.0;12;9990.0;22;;;10008.0;12;10011.0;22;;;10000.0;0.0
0;1900;INTARIAN_PEPPER_ROOT;11995.0;10;;;;;12008.0;10;12011.0;22;;;12001.5;0.0
0;2000;ASH_COATED_OSMIUM;9991.0;17;;;;;10009.0;10;10012.0;21;;;10000.0;0.0
0;2000;INTARIAN_PEPPER_ROOT;11995.0;7;11992.0;18;;;12009.0;10;12012.0;16;;;12002.0;0.0
0;2100;ASH_COATED_OSMIUM;9993.0;9;9991.0;18;;;10009.0;8;10012.0;23;;;10001.0;0.0
0;2100;INTARIAN_PEPPER_ROOT;11996.0;8;;;;;12009.0;7;12012.0;12;;;12002.5;0.0
0;2200;ASH_COATED_OSMIUM;9991.0;22;;;;;10009.0;9;10012.0;25;;;10000.0;0.0
0;2200;INTARIAN_PEPPER_ROOT;11993.0;18;;;;;12012.0;17;;;;;12002.5;0.0
0;2300;ASH_COATED_OSMIUM;9993.0;12;9991.0;15;;;10009.0;12;;;;;10001.0;0.0
0;2300;INTARIAN_PEPPER_ROOT;11996.0;7;11993.0;19;;;12012.0;20;;;;;12004.0;0.0
0;2400;ASH_COATED_OSMIUM;9993.0;9;9991.0;24;;;10009.0;7;10012.0;23;;;10001.0;0.0
0;2400;INTARIAN_PEPPER_ROOT;11996.0;6;;;;;12009.0;6;12012.0;18;;;12002.5;0.0
0;2500;ASH_COATED_OSMIUM;9993.0;14;;;;;10009.0;8;;;;;10001.0;0.0
0;2500;INTARIAN_PEPPER_ROOT;11996.0;6;11993.0;13;;;12009.0;7;12012.0;13;;;12002.5;0.0
0;2600;ASH_COATED_OSMIUM;9993.0;9;9991.0;15;;;10009.0;10;10012.0;14;;;10001.0;0.0
0;2600;INTARIAN_PEPPER_ROOT;11996.0;7;11993.0;21;;;12009.0;6;12012.0;22;;;12002.5;0.0
0;2700;ASH_COATED_OSMIUM;9993.0;13;9991.0;20;;;10012.0;22;;;;;10002.5;0.0
0;2700;INTARIAN_PEPPER_ROOT;11996.0;10;11993.0;15;;;11999.0;7;12009.0;7;;;11997.5;0.0
0;2800;ASH_COATED_OSMIUM;9991.0;17;;;;;10009.0;9;10012.0;20;;;10000.0;0.0
0;2800;INTARIAN_PEPPER_ROOT;11996.0;9;11993.0;20;;;12009.0;11;12012.0;20;;;12002.5;0.0
0;2900;ASH_COATED_OSMIUM;;;;;;;10009.0;10;10012.0;16;;;10009.0;0.0
0;2900;INTARIAN_PEPPER_ROOT;12006.0;6;11996.0;11;;;12009.0;8;;;;;12007.5;0.0
0;3000;ASH_COATED_OSMIUM;9993.0;8;;;;;10009.0;11;;;;;10001.0;0.0
0;3000;INTARIAN_PEPPER_ROOT;11996.0;7;11993.0;18;;;12010.0;7;12013.0;15;;;12003.0;0.0
0;3100;ASH_COATED_OSMIUM;9994.0;8;9991.0;21;;;10010.0;8;10012.0;23;;;10002.0;0.0
0;3100;INTARIAN_PEPPER_ROOT;11997.0;9;11994.0;17;;;12010.0;7;;;;;12003.5;0.0
0;3200;ASH_COATED_OSMIUM;9993.0;9;;;;;10009.0;8;10012.0;22;;;10001.0;0.0
0;3200;INTARIAN_PEPPER_ROOT;11997.0;6;11994.0;18;;;12010.0;8;;;;;12003.5;0.0
0;3300;ASH_COATED_OSMIUM;9993.0;10;9991.0;19;;;10012.0;20;;;;;10002.5;0.0
0;3300;INTARIAN_PEPPER_ROOT;11997.0;9;11994.0;13;;;12013.0;11;;;;;12005.0;0.0
0;3400;ASH_COATED_OSMIUM;9993.0;8;;;;;10009.0;9;10012.0;19;;;10001.0;0.0
0;3400;INTARIAN_PEPPER_ROOT;11997.0;10;11994.0;18;;;12010.0;9;12013.0;20;;;12003.5;0.0
0;3500;ASH_COATED_OSMIUM;9993.0;8;9991.0;15;;;10009.0;8;10012.0;14;;;10001.0;0.0
0;3500;INTARIAN_PEPPER_ROOT;11997.0;5;11994.0;15;;;12010.0;8;12013.0;22;;;12003.5;0.0
0;3600;ASH_COATED_OSMIUM;9993.0;9;9991.0;22;;;10009.0;8;10012.0;17;;;10001.0;0.0
0;3600;INTARIAN_PEPPER_ROOT;11997.0;9;;;;;12010.0;7;12013.0;16;;;12003.5;0.0
0;3700;ASH_COATED_OSMIUM;9993.0;14;9991.0;21;;;10009.0;13;10012.0;18;;;10001.0;0.0
0;3700;INTARIAN_PEPPER_ROOT;11997.0;4;;;;;12013.0;19;;;;;12005.0;0.0
0;3800;ASH_COATED_OSMIUM;9999.0;4;9993.0;12;9991.0;18;10009.0;9;10012.0;26;;;10004.0;0.0
0;3800;INTARIAN_PEPPER_ROOT;11997.0;8;11994.0;15;;;12010.0;7;;;;;12003.5;0.0
0;3900;ASH_COATED_OSMIUM;9993.0;11;9991.0;21;;;10009.0;8;;;;;10001.0;0.0
0;3900;INTARIAN_PEPPER_ROOT;;;;;;;12010.0;7;12013.0;15;;;12010.0;0.0
0;4000;ASH_COATED_OSMIUM;9991.0;23;;;;;10012.0;23;;;;;10001.5;0.0
0;4000;INTARIAN_PEPPER_ROOT;11997.0;10;11994.0;20;;;12011.0;8;12014.0;18;;;12004.0;0.0
0;4100;ASH_COATED_OSMIUM;9998.0;3;9992.0;14;9990.0;20;10008.0;10;;;;;10003.0;0.0
0;4100;INTARIAN_PEPPER_ROOT;11995.0;19;;;;;12011.0;5;12014.0;19;;;12003.0;0.0
0;4200;ASH_COATED_OSMIUM;9993.0;7;;;;;10011.0;23;;;;;10002.0;0.0
0;4200;INTARIAN_PEPPER_ROOT;11998.0;9;11995.0;17;;;12011.0;8;12014.0;15;;;12004.5;0.0
0;4300;ASH_COATED_OSMIUM;9990.0;17;;;;;10009.0;11;10011.0;20;;;9999.5;0.0
0;4300;INTARIAN_PEPPER_ROOT;11998.0;10;11995.0;21;;;12014.0;20;;;;;12006.0;0.0
0;4400;ASH_COATED_OSMIUM;9993.0;7;9990.0;20;;;10009.0;7;10011.0;16;;;10001.0;0.0
0;4400;INTARIAN_PEPPER_ROOT;11995.0;20;;;;;12011.0;8;12014.0;19;;;12003.0;0.0
0;4500;ASH_COATED_OSMIUM;9990.0;20;;;;;10009.0;10;10011.0;23;;;9999.5;0.0
0;4500;INTARIAN_PEPPER_ROOT;11998.0;10;11995.0;11;;;12011.0;9;;;;;12004.5;0.0
0;4600;ASH_COATED_OSMIUM;9993.0;13;;;;;10011.0;15;;;;;10002.0;0.0
0;4600;INTARIAN_PEPPER_ROOT;11998.0;9;11995.0;21;;;12011.0;8;12014.0;18;;;12004.5;0.0
0;4700;ASH_COATED_OSMIUM;9993.0;12;;;;;10009.0;12;10011.0;22;;;10001.0;0.0
0;4700;INTARIAN_PEPPER_ROOT;11995.0;14;;;;;12011.0;10;;;;;12003.0;0.0
0;4800;ASH_COATED_OSMIUM;9993.0;8;;;;;10011.0;25;;;;;10002.0;0.0
0;4800;INTARIAN_PEPPER_ROOT;11998.0;10;11995.0;17;;;12007.0;4;12011.0;9;12014.0;21;12002.5;0.0
0;4900;ASH_COATED_OSMIUM;9993.0;9;9990.0;25;;;10009.0;11;;;;;10001.0;0.0
0;4900;INTARIAN_PEPPER_ROOT;11998.0;9;11995.0;10;;;12011.0;8;12014.0;11;;;12004.5;0.0
0;5000;ASH_COATED_OSMIUM;9992.0;8;9990.0;23;;;10008.0;12;10011.0;24;;;10000.0;0.0
0;5000;INTARIAN_PEPPER_ROOT;11998.0;9;11995.0;21;;;12015.0;18;;;;;12006.5;0.0
0;5100;ASH_COATED_OSMIUM;9993.0;7;9990.0;19;;;10009.0;11;;;;;10001.0;0.0
0;5100;INTARIAN_PEPPER_ROOT;11996.0;22;;;;;;;;;;;11996.0;0.0
0;5200;ASH_COATED_OSMIUM;9993.0;10;;;;;10009.0;11;10011.0;24;;;10001.0;0.0
0;5200;INTARIAN_PEPPER_ROOT;11999.0;9;11996.0;14;;;12012.0;8;;;;;12005.5;0.0
0;5300;ASH_COATED_OSMIUM;9993.0;11;9990.0;21;;;;;;;;;9993.0;0.0
0;5300;INTARIAN_PEPPER_ROOT;11999.0;6;11996.0;18;;;12012.0;5;12015.0;18;;;12005.5;0.0
0;5400;ASH_COATED_OSMIUM;9993.0;13;9990.0;15;;;10009.0;13;10011.0;16;;;10001.0;0.0
0;5400;INTARIAN_PEPPER_ROOT;11999.0;5;11996.0;8;;;12015.0;13;;;;;12007.0;0.0
0;5500;ASH_COATED_OSMIUM;9994.0;11;9991.0;22;;;10010.0;10;10012.0;25;;;10002.0;0.0
0;5500;INTARIAN_PEPPER_ROOT;11999.0;9;11996.0;19;;;12012.0;7;;;;;12005.5;0.0
0;5600;ASH_COATED_OSMIUM;9991.0;16;;;;;10009.0;8;10012.0;15;;;10000.0;0.0
0;5600;INTARIAN_PEPPER_ROOT;11999.0;8;;;;;12012.0;6;;;;;12005.5;0.0
0;5700;ASH_COATED_OSMIUM;9993.0;7;9991.0;23;;;10009.0;9;10012.0;21;;;10001.0;0.0
0;5700;INTARIAN_PEPPER_ROOT;11999.0;5;11996.0;14;;;12002.0;5;12015.0;18;;;12000.5;0.0
0;5800;ASH_COATED_OSMIUM;9994.0;6;;;;;10010.0;10;10012.0;26;;;10002.0;0.0
0;5800;INTARIAN_PEPPER_ROOT;11999.0;9;11996.0;17;;;;;;;;;11999.0;0.0
0;5900;ASH_COATED_OSMIUM;9993.0;11;9991.0;22;;;10009.0;10;10012.0;23;;;10001.0;0.0
0;5900;INTARIAN_PEPPER_ROOT;11999.0;9;11996.0;17;;;12012.0;7;12015.0;21;;;12005.5;0.0
0;6000;ASH_COATED_OSMIUM;9993.0;13;9990.0;25;;;10009.0;13;10011.0;25;;;10001.0;0.0
0;6000;INTARIAN_PEPPER_ROOT;11996.0;14;;;;;12013.0;9;;;;;12004.5;0.0
0;6100;ASH_COATED_OSMIUM;9990.0;24;;;;;10009.0;8;10011.0;22;;;9999.5;0.0
0;6100;INTARIAN_PEPPER_ROOT;12000.0;9;11997.0;15;;;12013.0;6;12016.0;16;;;12006.5;0.0
0;6200;ASH_COATED_OSMIUM;9993.0;5;9990.0;16;;;10009.0;7;10011.0;18;;;10001.0;0.0
0;6200;INTARIAN_PEPPER_ROOT;11997.0;13;;;;;12016.0;11;;;;;12006.5;0.0
0;6300;ASH_COATED_OSMIUM;9993.0;11;9990.0;17;;;10009.0;8;10011.0;20;;;10001.0;0.0
0;6300;INTARIAN_PEPPER_ROOT;12000.0;10;11997.0;20;;;12013.0;9;;;;;12006.5;0.0
0;6400;ASH_COATED_OSMIUM;9992.0;12;9989.0;19;;;10008.0;14;10010.0;13;;;10000.0;0.0
0;6400;INTARIAN_PEPPER_ROOT;12000.0;6;11997.0;16;;;12013.0;7;12016.0;15;;;12006.5;0.0
0;6500;ASH_COATED_OSMIUM;9992.0;9;9990.0;20;;;10008.0;11;10011.0;21;;;10000.0;0.0
0;6500;INTARIAN_PEPPER_ROOT;11997.0;18;;;;;12013.0;7;12016.0;15;;;12005.0;0.0
0;6600;ASH_COATED_OSMIUM;9992.0;7;9989.0;21;;;;;;;;;9992.0;0.0
0;6600;INTARIAN_PEPPER_ROOT;12000.0;10;11997.0;17;;;12013.0;9;12016.0;18;;;12006.5;0.0
0;6700;ASH_COATED_OSMIUM;9992.0;11;;;;;10008.0;12;10011.0;25;;;10000.0;0.0
0;6700;INTARIAN_PEPPER_ROOT;12000.0;7;;;;;12013.0;4;;;;;12006.5;0.0
0;6800;ASH_COATED_OSMIUM;;;;;;;10008.0;7;10011.0;29;;;10008.0;0.0
0;6800;INTARIAN_PEPPER_ROOT;12000.0;8;11997.0;13;;;;;;;;;12000.0;0.0
0;6900;ASH_COATED_OSMIUM;9990.0;19;;;;;10008.0;7;;;;;9999.0;0.0
0;6900;INTARIAN_PEPPER_ROOT;12000.0;7;11997.0;16;;;12013.0;6;12016.0;11;;;12006.5;0.0
0;7000;ASH_COATED_OSMIUM;9990.0;17;;;;;10011.0;19;;;;;10000.5;0.0
0;7000;INTARIAN_PEPPER_ROOT;11997.0;19;;;;;12014.0;8;12017.0;20;;;12005.5;0.0
0;7100;ASH_COATED_OSMIUM;9992.0;11;9990.0;18;;;10008.0;11;10011.0;21;;;10000.0;0.0
0;7100;INTARIAN_PEPPER_ROOT;12001.0;8;11998.0;12;;;12014.0;9;12017.0;12;;;12007.5;0.0
0;7200;ASH_COATED_OSMIUM;9998.0;2;9993.0;10;9990.0;15;10011.0;18;;;;;10004.5;0.0
0;7200;INTARIAN_PEPPER_ROOT;12001.0;9;11998.0;22;;;12014.0;8;12017.0;16;;;12007.5;0.0
0;7300;ASH_COATED_OSMIUM;9992.0;9;9990.0;19;;;10011.0;15;;;;;10001.5;0.0
0;7300;INTARIAN_PEPPER_ROOT;;;;;;;12014.0;7;12017.0;15;;;12014.0;0.0
0;7400;ASH_COATED_OSMIUM;9993.0;12;9990.0;19;;;10009.0;13;10011.0;23;;;10001.0;0.0
0;7400;INTARIAN_PEPPER_ROOT;11998.0;19;;;;;;;;;;;11998.0;0.0
0;7500;ASH_COATED_OSMIUM;9993.0;12;9990.0;18;;;10009.0;12;10011.0;18;;;10001.0;0.0
0;7500;INTARIAN_PEPPER_ROOT;12001.0;6;;;;;12017.0;18;;;;;12009.0;0.0
0;7600;ASH_COATED_OSMIUM;9993.0;12;9990.0;27;;;9998.0;4;;;;;9995.5;0.0
0;7600;INTARIAN_PEPPER_ROOT;12001.0;6;11998.0;16;;;12014.0;8;12017.0;13;;;12007.5;0.0
0;7700;ASH_COATED_OSMIUM;9993.0;8;9991.0;21;;;10009.0;8;10012.0;23;;;10001.0;0.0
0;7700;INTARIAN_PEPPER_ROOT;12001.0;5;;;;;12014.0;7;12017.0;15;;;12007.5;0.0
0;7800;ASH_COATED_OSMIUM;9990.0;20;;;;;10009.0;8;10011.0;17;;;9999.5;0.0
0;7800;INTARIAN_PEPPER_ROOT;12001.0;10;11998.0;14;;;12014.0;8;12017.0;12;;;12007.5;0.0
0;7900;ASH_COATED_OSMIUM;9993.0;11;9990.0;21;;;10009.0;13;10011.0;18;;;10001.0;0.0
0;7900;INTARIAN_PEPPER_ROOT;11998.0;21;;;;;12014.0;10;12017.0;17;;;12006.0;0.0
0;8000;ASH_COATED_OSMIUM;9990.0;19;;;;;10008.0;14;10011.0;17;;;9999.0;0.0
0;8000;INTARIAN_PEPPER_ROOT;12001.0;5;11998.0;18;;;;;;;;;12001.0;0.0
0;8100;ASH_COATED_OSMIUM;9992.0;7;9989.0;24;;;10008.0;9;10010.0;24;;;10000.0;0.0
0;8100;INTARIAN_PEPPER_ROOT;12002.0;8;11999.0;14;;;;;;;;;12002.0;0.0
0;8200;ASH_COATED_OSMIUM;9992.0;10;9989.0;19;;;10008.0;10;10010.0;19;;;10000.0;0.0
0;8200;INTARIAN_PEPPER_ROOT;11999.0;16;;;;;12015.0;10;12018.0;17;;;12007.0;0.0
0;8300;ASH_COATED_OSMIUM;9992.0;14;9990.0;17;;;10011.0;19;;;;;10001.5;0.0
0;8300;INTARIAN_PEPPER_ROOT;12002.0;7;11999.0;20;;;;;;;;;12002.0;0.0
0;8400;ASH_COATED_OSMIUM;9992.0;13;9990.0;17;;;10008.0;13;10011.0;17;;;10000.0;0.0
0;8400;INTARIAN_PEPPER_ROOT;12002.0;8;11999.0;22;;;12015.0;6;12018.0;20;;;12008.5;0.0
0;8500;ASH_COATED_OSMIUM;9992.0;13;9989.0;18;;;10008.0;11;10010.0;16;;;10000.0;0.0
0;8500;INTARIAN_PEPPER_ROOT;12002.0;5;;;;;;;;;;;12002.0;0.0
0;8600;ASH_COATED_OSMIUM;9992.0;8;;;;;10010.0;19;;;;;10001.0;0.0
0;8600;INTARIAN_PEPPER_ROOT;12002.0;9;11999.0;19;;;12015.0;9;12018.0;17;;;12008.5;0.0
0;8700;ASH_COATED_OSMIUM;9991.0;9;9989.0;23;;;10010.0;24;;;;;10000.5;0.0
0;8700;INTARIAN_PEPPER_ROOT;12002.0;6;11999.0;10;;;12015.0;6;12018.0;13;;;12008.5;0.0
0;8800;ASH_COATED_OSMIUM;9991.0;13;9989.0;20;;;10010.0;19;;;;;10000.5;0.0
0;8800;INTARIAN_PEPPER_ROOT;12002.0;7;11999.0;20;;;12015.0;3;;;;;12008.5;0.0
0;8900;ASH_COATED_OSMIUM;9992.0;10;9989.0;18;;;10008.0;8;10010.0;20;;;10000.0;0.0
0;8900;INTARIAN_PEPPER_ROOT;11999.0;17;;;;;12015.0;7;;;;;12007.0;0.0
0;9000;ASH_COATED_OSMIUM;9992.0;13;9990.0;13;;;10008.0;12;;;;;10000.0;0.0
0;9000;INTARIAN_PEPPER_ROOT;12002.0;10;11999.0;20;;;12016.0;9;12019.0;17;;;12009.0;0.0
0;9100;ASH_COATED_OSMIUM;9998.0;4;9992.0;10;9990.0;21;10008.0;11;10011.0;18;;;10003.0;0.0
0;9100;INTARIAN_PEPPER_ROOT;12003.0;11;12000.0;18;;;12019.0;20;;;;;12011.0;0.0
0;9200;ASH_COATED_OSMIUM;9992.0;11;9990.0;15;;;10008.0;12;;;;;10000.0;0.0
0;9200;INTARIAN_PEPPER_ROOT;12003.0;10;;;;;12019.0;12;;;;;12011.0;0.0
0;9300;ASH_COATED_OSMIUM;9992.0;12;;;;;10010.0;16;;;;;10001.0;0.0
0;9300;INTARIAN_PEPPER_ROOT;12003.0;8;12000.0;20;;;12016.0;9;12019.0;14;;;12009.5;0.0
0;9400;ASH_COATED_OSMIUM;9992.0;7;9990.0;25;;;9998.0;8;10008.0;7;10011.0;23;9995.0;0.0
0;9400;INTARIAN_PEPPER_ROOT;12003.0;10;;;;;12016.0;9;12019.0;18;;;12009.5;0.0
0;9500;ASH_COATED_OSMIUM;9992.0;11;9990.0;22;;;10008.0;10;10011.0;21;;;10000.0;0.0
0;9500;INTARIAN_PEPPER_ROOT;12003.0;7;12000.0;17;;;12016.0;8;12019.0;14;;;12009.5;0.0
0;9600;ASH_COATED_OSMIUM;9993.0;9;9990.0;22;;;10009.0;10;10011.0;22;;;10001.0;0.0
0;9600;INTARIAN_PEPPER_ROOT;12000.0;15;;;;;12016.0;10;12019.0;18;;;12008.0;0.0
0;9700;ASH_COATED_OSMIUM;9991.0;18;;;;;10009.0;8;10012.0;22;;;10000.0;0.0
0;9700;INTARIAN_PEPPER_ROOT;12003.0;6;12000.0;17;;;12016.0;8;;;;;12009.5;0.0
0;9800;ASH_COATED_OSMIUM;9994.0;13;9991.0;26;;;10010.0;10;10012.0;22;;;10002.0;0.0
0;9800;INTARIAN_PEPPER_ROOT;12003.0;9;;;;;12016.0;9;;;;;12009.5;0.0
0;9900;ASH_COATED_OSMIUM;9994.0;8;9992.0;22;;;10010.0;9;10013.0;23;;;10002.0;0.0
0;9900;INTARIAN_PEPPER_ROOT;12003.0;10;12000.0;14;;;12006.0;7;12016.0;10;12019.0;16;12004.5;0.0
0;10000;ASH_COATED_OSMIUM;9994.0;8;;;;;10010.0;10;10013.0;18;;;10002.0;0.0
0;10000;INTARIAN_PEPPER_ROOT;12003.0;10;12000.0;13;;;12017.0;11;12020.0;14;;;12010.0;0.0
0;10100;ASH_COATED_OSMIUM;9994.0;8;9992.0;17;;;10010.0;6;10013.0;18;;;10002.0;0.0
0;10100;INTARIAN_PEPPER_ROOT;12004.0;10;12001.0;10;;;12017.0;12;12020.0;14;;;12010.5;0.0
0;10200;ASH_COATED_OSMIUM;9994.0;8;9992.0;18;;;10013.0;19;;;;;10003.5;0.0
0;10200;INTARIAN_PEPPER_ROOT;12004.0;7;12001.0;17;;;12017.0;9;12020.0;13;;;12010.5;0.0
0;10300;ASH_COATED_OSMIUM;9992.0;18;;;;;10013.0;18;;;;;10002.5;0.0
0;10300;INTARIAN_PEPPER_ROOT;;;;;;;12017.0;8;12020.0;12;;;12017.0;0.0
0;10400;ASH_COATED_OSMIUM;9992.0;18;;;;;10010.0;10;10013.0;16;;;10001.0;0.0
0;10400;INTARIAN_PEPPER_ROOT;12004.0;5;12001.0;15;;;12020.0;17;;;;;12012.0;0.0
0;10500;ASH_COATED_OSMIUM;9992.0;22;;;;;10013.0;23;;;;;10002.5;0.0
0;10500;INTARIAN_PEPPER_ROOT;12004.0;8;12001.0;16;;;12017.0;6;12020.0;16;;;12010.5;0.0
0;10600;ASH_COATED_OSMIUM;9994.0;8;9992.0;23;;;10010.0;11;10013.0;22;;;10002.0;0.0
0;10600;INTARIAN_PEPPER_ROOT;12004.0;7;;;;;12017.0;9;12020.0;15;;;12010.5;0.0
0;10700;ASH_COATED_OSMIUM;9994.0;11;9992.0;20;;;10013.0;18;;;;;10003.5;0.0
0;10700;INTARIAN_PEPPER_ROOT;;;;;;;12017.0;10;12020.0;19;;;12017.0;0.0
0;10800;ASH_COATED_OSMIUM;9994.0;10;9992.0;20;;;10010.0;12;;;;;10002.0;0.0
0;10800;INTARIAN_PEPPER_ROOT;12004.0;9;12001.0;14;;;12017.0;5;;;;;12010.5;0.0
0;10900;ASH_COATED_OSMIUM;9995.0;10;9992.0;22;;;10011.0;8;10013.0;25;;;10003.0;0.0
0;10900;INTARIAN_PEPPER_ROOT;12004.0;6;;;;;12017.0;6;12020.0;16;;;12010.5;0.0
0;11000;ASH_COATED_OSMIUM;9995.0;9;9992.0;19;;;10004.0;4;10011.0;8;10013.0;24;9999.5;0.0
0;11000;INTARIAN_PEPPER_ROOT;12004.0;6;;;;;12018.0;8;12021.0;13;;;12011.0;0.0
0;11100;ASH_COATED_OSMIUM;9995.0;11;9992.0;18;;;10011.0;9;10013.0;23;;;10003.0;0.0
0;11100;INTARIAN_PEPPER_ROOT;;;;;;;12018.0;9;;;;;12018.0;0.0
0;11200;ASH_COATED_OSMIUM;9994.0;7;9992.0;22;;;10010.0;8;10013.0;22;;;10002.0;0.0
0;11200;INTARIAN_PEPPER_ROOT;12005.0;8;12002.0;14;;;12018.0;7;;;;;12011.5;0.0
0;11300;ASH_COATED_OSMIUM;9994.0;9;;;;;10010.0;10;10013.0;21;;;10002.0;0.0
0;11300;INTARIAN_PEPPER_ROOT;12005.0;8;12002.0;14;;;12018.0;8;;;;;12011.5;0.0
0;11400;ASH_COATED_OSMIUM;9994.0;11;;;;;10013.0;14;;;;;10003.5;0.0
0;11400;INTARIAN_PEPPER_ROOT;12005.0;6;12002.0;15;;;12018.0;9;12021.0;15;;;12011.5;0.0
0;11500;ASH_COATED_OSMIUM;9994.0;13;9992.0;22;;;10010.0;9;;;;;10002.0;0.0
0;11500;INTARIAN_PEPPER_ROOT;12005.0;5;12002.0;20;;;12018.0;7;12021.0;18;;;12011.5;0.0
0;11600;ASH_COATED_OSMIUM;9994.0;11;;;;;10010.0;8;10013.0;22;;;10002.0;0.0
0;11600;INTARIAN_PEPPER_ROOT;12005.0;7;12002.0;20;;;12018.0;11;12021.0;21;;;12011.5;0.0
0;11700;ASH_COATED_OSMIUM;9994.0;15;;;;;10013.0;21;;;;;10003.5;0.0
0;11700;INTARIAN_PEPPER_ROOT;12005.0;8;;;;;12021.0;15;;;;;12013.0;0.0
0;11800;ASH_COATED_OSMIUM;9994.0;11;9991.0;19;;;10010.0;9;10012.0;22;;;10002.0;0.0
0;11800;INTARIAN_PEPPER_ROOT;12005.0;7;12002.0;12;;;12018.0;7;12021.0;16;;;12011.5;0.0
0;11900;ASH_COATED_OSMIUM;9994.0;8;9992.0;16;;;10010.0;10;;;;;10002.0;0.0
0;11900;INTARIAN_PEPPER_ROOT;12005.0;10;12002.0;17;;;12021.0;17;;;;;12013.0;0.0
0;12000;ASH_COATED_OSMIUM;9994.0;10;9992.0;16;;;10010.0;8;10013.0;16;;;10002.0;0.0
0;12000;INTARIAN_PEPPER_ROOT;12005.0;7;12002.0;18;;;12019.0;8;;;;;12012.0;0.0
0;12100;ASH_COATED_OSMIUM;9994.0;12;9992.0;18;;;10010.0;14;;;;;10002.0;0.0
0;12100;INTARIAN_PEPPER_ROOT;12006.0;9;12003.0;23;;;12019.0;11;12022.0;19;;;12012.5;0.0
0;12200;ASH_COATED_OSMIUM;9994.0;10;9992.0;21;;;10013.0;19;;;;;10003.5;0.0
0;12200;INTARIAN_PEPPER_ROOT;12006.0;8;12003.0;20;;;12019.0;7;12022.0;15;;;12012.5;0.0
0;12300;ASH_COATED_OSMIUM;9994.0;9;;;;;10010.0;9;10013.0;16;;;10002.0;0.0
0;12300;INTARIAN_PEPPER_ROOT;;;;;;;12019.0;9;;;;;12019.0;0.0
0;12400;ASH_COATED_OSMIUM;9995.0;13;9992.0;25;;;10013.0;23;;;;;10004.0;0.0
0;12400;INTARIAN_PEPPER_ROOT;12003.0;19;;;;;12022.0;20;;;;;12012.5;0.0
0;12500;ASH_COATED_OSMIUM;9995.0;9;9992.0;19;;;10013.0;17;;;;;10004.0;0.0
0;12500;INTARIAN_PEPPER_ROOT;12006.0;7;;;;;12019.0;4;12022.0;7;;;12012.5;0.0
0;12600;ASH_COATED_OSMIUM;9995.0;9;9992.0;22;;;10011.0;9;10013.0;21;;;10003.0;0.0
0;12600;INTARIAN_PEPPER_ROOT;12006.0;8;12003.0;12;;;12008.0;3;12019.0;5;12022.0;15;12007.0;0.0
0;12700;ASH_COATED_OSMIUM;9995.0;13;9992.0;17;;;10011.0;13;10013.0;16;;;10003.0;0.0
0;12700;INTARIAN_PEPPER_ROOT;12003.0;17;;;;;12019.0;10;;;;;12011.0;0.0
0;12800;ASH_COATED_OSMIUM;9994.0;14;9992.0;14;;;10013.0;15;;;;;10003.5;0.0
0;12800;INTARIAN_PEPPER_ROOT;12006.0;9;12003.0;14;;;;;;;;;12006.0;0.0
0;12900;ASH_COATED_OSMIUM;9995.0;12;9992.0;26;;;10011.0;12;10013.0;23;;;10003.0;0.0
0;12900;INTARIAN_PEPPER_ROOT;12006.0;10;;;;;12019.0;7;12022.0;19;;;12012.5;0.0
0;13000;ASH_COATED_OSMIUM;9995.0;10;;;;;10011.0;9;;;;;10003.0;0.0
0;13000;INTARIAN_PEPPER_ROOT;12006.0;8;12003.0;16;;;12020.0;9;12023.0;18;;;12013.0;0.0
0;13100;ASH_COATED_OSMIUM;9995.0;10;9993.0;18;;;10011.0;13;10014.0;17;;;10003.0;0.0
0;13100;INTARIAN_PEPPER_ROOT;12007.0;8;12004.0;16;;;12020.0;7;;;;;12013.5;0.0
0;13200;ASH_COATED_OSMIUM;9996.0;8;;;;;10012.0;8;10014.0;19;;;10004.0;0.0
0;13200;INTARIAN_PEPPER_ROOT;12007.0;10;12004.0;13;;;12020.0;9;;;;;12013.5;0.0
0;13300;ASH_COATED_OSMIUM;9995.0;11;9993.0;25;;;;;;;;;9995.0;0.0
0;13300;INTARIAN_PEPPER_ROOT;12007.0;7;;;;;12020.0;10;12023.0;22;;;12013.5;0.0
0;13400;ASH_COATED_OSMIUM;9995.0;9;9992.0;26;;;10011.0;11;10013.0;24;;;10003.0;0.0
0;13400;INTARIAN_PEPPER_ROOT;12007.0;8;12004.0;20;;;12020.0;7;12023.0;18;;;12013.5;0.0
0;13500;ASH_COATED_OSMIUM;9995.0;13;9993.0;16;;;10011.0;13;;;;;10003.0;0.0
0;13500;INTARIAN_PEPPER_ROOT;12004.0;16;;;;;12020.0;7;12023.0;15;;;12012.0;0.0
0;13600;ASH_COATED_OSMIUM;9995.0;10;;;;;10011.0;10;10013.0;27;;;10003.0;0.0
0;13600;INTARIAN_PEPPER_ROOT;12007.0;10;;;;;12020.0;8;12023.0;15;;;12013.5;0.0
0;13700;ASH_COATED_OSMIUM;9995.0;7;9993.0;22;;;10011.0;8;10014.0;23;;;10003.0;0.0
0;13700;INTARIAN_PEPPER_ROOT;12007.0;12;12004.0;13;;;12020.0;10;12023.0;18;;;12013.5;0.0
0;13800;ASH_COATED_OSMIUM;9995.0;9;9993.0;17;;;;;;;;;9995.0;0.0
0;13800;INTARIAN_PEPPER_ROOT;12007.0;10;12004.0;17;;;12020.0;8;12023.0;12;;;12013.5;0.0
0;13900;ASH_COATED_OSMIUM;9992.0;16;;;;;10011.0;6;;;;;10001.5;0.0
0;13900;INTARIAN_PEPPER_ROOT;12017.0;3;12007.0;11;12004.0;13;12020.0;12;12023.0;11;;;12018.5;0.0
0;14000;ASH_COATED_OSMIUM;9995.0;10;;;;;10011.0;14;10013.0;25;;;10003.0;0.0
0;14000;INTARIAN_PEPPER_ROOT;12007.0;7;12004.0;18;;;12024.0;19;;;;;12015.5;0.0
0;14100;ASH_COATED_OSMIUM;9995.0;13;9992.0;21;;;10011.0;8;;;;;10003.0;0.0
0;14100;INTARIAN_PEPPER_ROOT;12008.0;6;12005.0;13;;;12021.0;8;;;;;12014.5;0.0
0;14200;ASH_COATED_OSMIUM;9994.0;12;9991.0;18;;;10010.0;12;10012.0;18;;;10002.0;0.0
0;14200;INTARIAN_PEPPER_ROOT;12008.0;9;12005.0;16;;;12021.0;8;;;;;12014.5;0.0
0;14300;ASH_COATED_OSMIUM;9991.0;21;;;;;10010.0;9;10012.0;23;;;10000.5;0.0
0;14300;INTARIAN_PEPPER_ROOT;12008.0;12;12005.0;13;;;12021.0;11;12024.0;14;;;12014.5;0.0
0;14400;ASH_COATED_OSMIUM;9994.0;6;;;;;10010.0;7;10012.0;20;;;10002.0;0.0
0;14400;INTARIAN_PEPPER_ROOT;12008.0;10;12005.0;20;;;12016.0;9;12021.0;7;12024.0;19;12012.0;0.0
0;14500;ASH_COATED_OSMIUM;9994.0;9;9992.0;19;;;10004.0;3;10010.0;9;10013.0;16;9999.0;0.0
0;14500;INTARIAN_PEPPER_ROOT;12008.0;11;12005.0;18;;;12024.0;17;;;;;12016.0;0.0
0;14600;ASH_COATED_OSMIUM;9994.0;8;9992.0;18;;;10010.0;14;10013.0;17;;;10002.0;0.0
0;14600;INTARIAN_PEPPER_ROOT;;;;;;;12021.0;10;;;;;12021.0;0.0
0;14700;ASH_COATED_OSMIUM;9994.0;9;9992.0;21;;;10004.0;3;10010.0;7;10013.0;22;9999.0;0.0
0;14700;INTARIAN_PEPPER_ROOT;12005.0;14;;;;;12021.0;6;;;;;12013.0;0.0
0;14800;ASH_COATED_OSMIUM;9994.0;11;9992.0;21;;;10010.0;11;10013.0;16;;;10002.0;0.0
0;14800;INTARIAN_PEPPER_ROOT;12008.0;7;12005.0;14;;;12021.0;6;12024.0;15;;;12014.5;0.0
0;14900;ASH_COATED_OSMIUM;9992.0;14;;;;;10010.0;8;10013.0;16;;;10001.0;0.0
0;14900;INTARIAN_PEPPER_ROOT;12005.0;14;;;;;12021.0;9;12024.0;12;;;12013.0;0.0
0;15000;ASH_COATED_OSMIUM;9994.0;10;;;;;10004.0;3;10010.0;9;10013.0;20;9999.0;0.0
0;15000;INTARIAN_PEPPER_ROOT;12008.0;10;12005.0;16;;;12022.0;8;12025.0;15;;;12015.0;0.0
0;15100;ASH_COATED_OSMIUM;9994.0;8;;;;;10010.0;10;10012.0;20;;;10002.0;0.0
0;15100;INTARIAN_PEPPER_ROOT;12009.0;7;12006.0;11;;;12025.0;14;;;;;12017.0;0.0
0;15200;ASH_COATED_OSMIUM;9994.0;7;9992.0;19;;;10010.0;7;10013.0;21;;;10002.0;0.0
0;15200;INTARIAN_PEPPER_ROOT;12009.0;9;12006.0;19;;;12022.0;9;12025.0;16;;;12015.5;0.0
0;15300;ASH_COATED_OSMIUM;9992.0;18;;;;;;;;;;;9992.0;0.0
0;15300;INTARIAN_PEPPER_ROOT;12009.0;8;12006.0;20;;;12022.0;7;12025.0;20;;;12015.5;0.0
0;15400;ASH_COATED_OSMIUM;9994.0;11;9991.0;20;;;10010.0;9;10012.0;16;;;10002.0;0.0
0;15400;INTARIAN_PEPPER_ROOT;12009.0;7;12006.0;22;;;12022.0;4;12025.0;21;;;12015.5;0.0
0;15500;ASH_COATED_OSMIUM;10003.0;9;9993.0;9;9991.0;15;10009.0;8;10012.0;16;;;10006.0;0.0
0;15500;INTARIAN_PEPPER_ROOT;12009.0;11;;;;;12022.0;10;12025.0;13;;;12015.5;0.0
0;15600;ASH_COATED_OSMIUM;9994.0;9;9991.0;18;;;10010.0;9;10012.0;17;;;10002.0;0.0
0;15600;INTARIAN_PEPPER_ROOT;12009.0;7;12006.0;19;;;12025.0;18;;;;;12017.0;0.0
0;15700;ASH_COATED_OSMIUM;9991.0;16;;;;;10009.0;11;10012.0;15;;;10000.0;0.0
0;15700;INTARIAN_PEPPER_ROOT;12006.0;17;;;;;12025.0;18;;;;;12015.5;0.0
0;15800;ASH_COATED_OSMIUM;9993.0;13;9990.0;15;;;10009.0;13;10011.0;17;;;10001.0;0.0
0;15800;INTARIAN_PEPPER_ROOT;12006.0;10;;;;;12025.0;13;;;;;12015.5;0.0
0;15900;ASH_COATED_OSMIUM;9993.0;9;;;;;10009.0;9;;;;;10001.0;0.0
0;15900;INTARIAN_PEPPER_ROOT;12009.0;8;12006.0;18;;;12022.0;9;12025.0;19;;;12015.5;0.0
0;16000;ASH_COATED_OSMIUM;9993.0;7;9991.0;18;;;10009.0;9;10012.0;20;;;10001.0;0.0
0;16000;INTARIAN_PEPPER_ROOT;12009.0;8;12006.0;15;;;12023.0;8;12026.0;13;;;12016.0;0.0
0;16100;ASH_COATED_OSMIUM;9999.0;4;9991.0;20;;;10010.0;7;10012.0;21;;;10004.5;0.0
0;16100;INTARIAN_PEPPER_ROOT;12010.0;8;12007.0;19;;;12023.0;7;12026.0;22;;;12016.5;0.0
0;16200;ASH_COATED_OSMIUM;9994.0;10;9991.0;16;;;10010.0;10;10012.0;16;;;10002.0;0.0
0;16200;INTARIAN_PEPPER_ROOT;12010.0;9;12007.0;18;;;12023.0;9;12026.0;21;;;12016.5;0.0
0;16300;ASH_COATED_OSMIUM;9991.0;16;;;;;10009.0;7;10012.0;19;;;10000.0;0.0
0;16300;INTARIAN_PEPPER_ROOT;12010.0;7;12007.0;12;;;12023.0;4;12026.0;11;;;12016.5;0.0
0;16400;ASH_COATED_OSMIUM;9993.0;12;9991.0;18;;;10009.0;13;10012.0;20;;;10001.0;0.0
0;16400;INTARIAN_PEPPER_ROOT;12010.0;7;12007.0;18;;;12023.0;6;12026.0;17;;;12016.5;0.0
0;16500;ASH_COATED_OSMIUM;9990.0;19;;;;;10009.0;11;;;;;9999.5;0.0
0;16500;INTARIAN_PEPPER_ROOT;12010.0;9;12007.0;14;;;12026.0;13;;;;;12018.0;0.0
0;16600;ASH_COATED_OSMIUM;9992.0;12;;;;;10008.0;13;10011.0;22;;;10000.0;0.0
0;16600;INTARIAN_PEPPER_ROOT;12010.0;8;12007.0;21;;;12023.0;10;12026.0;18;;;12016.5;0.0
0;16700;ASH_COATED_OSMIUM;9992.0;10;;;;;;;;;;;9992.0;0.0
0;16700;INTARIAN_PEPPER_ROOT;12007.0;19;;;;;12023.0;10;;;;;12015.0;0.0
0;16800;ASH_COATED_OSMIUM;9992.0;9;9990.0;18;;;10008.0;7;10011.0;16;;;10000.0;0.0
0;16800;INTARIAN_PEPPER_ROOT;12010.0;7;12007.0;20;;;12023.0;6;12026.0;18;;;12016.5;0.0
0;16900;ASH_COATED_OSMIUM;9992.0;9;9990.0;21;;;10008.0;12;10011.0;21;;;10000.0;0.0
0;16900;INTARIAN_PEPPER_ROOT;12010.0;8;12007.0;15;;;12026.0;13;;;;;12018.0;0.0
0;17000;ASH_COATED_OSMIUM;9993.0;8;9991.0;21;;;10009.0;9;10012.0;18;;;10001.0;0.0
0;17000;INTARIAN_PEPPER_ROOT;12010.0;9;12007.0;14;;;;;;;;;12010.0;0.0
0;17100;ASH_COATED_OSMIUM;9993.0;8;9991.0;19;;;10009.0;9;10012.0;21;;;10001.0;0.0
0;17100;INTARIAN_PEPPER_ROOT;12008.0;14;;;;;12027.0;12;;;;;12017.5;0.0
0;17200;ASH_COATED_OSMIUM;9993.0;10;9991.0;22;;;10009.0;9;10012.0;20;;;10001.0;0.0
0;17200;INTARIAN_PEPPER_ROOT;12008.0;15;;;;;12024.0;7;12027.0;15;;;12016.0;0.0
0;17300;ASH_COATED_OSMIUM;9993.0;8;9991.0;26;;;10009.0;11;10012.0;24;;;10001.0;0.0
0;17300;INTARIAN_PEPPER_ROOT;12011.0;8;12008.0;16;;;;;;;;;12011.0;0.0
0;17400;ASH_COATED_OSMIUM;9994.0;10;9991.0;20;;;10010.0;11;10012.0;12;;;10002.0;0.0
0;17400;INTARIAN_PEPPER_ROOT;12014.0;5;12011.0;6;12008.0;15;12024.0;8;12027.0;14;;;12019.0;0.0
0;17500;ASH_COATED_OSMIUM;9993.0;8;9991.0;22;;;10009.0;10;10012.0;21;;;10001.0;0.0
0;17500;INTARIAN_PEPPER_ROOT;12011.0;7;12008.0;12;;;12024.0;6;12027.0;15;;;12017.5;0.0
0;17600;ASH_COATED_OSMIUM;9993.0;12;9991.0;20;;;10009.0;11;10012.0;20;;;10001.0;0.0
0;17600;INTARIAN_PEPPER_ROOT;12011.0;7;;;;;12024.0;9;12027.0;16;;;12017.5;0.0
0;17700;ASH_COATED_OSMIUM;9993.0;7;9990.0;18;;;10009.0;8;10011.0;17;;;10001.0;0.0
0;17700;INTARIAN_PEPPER_ROOT;12011.0;7;12008.0;15;;;12027.0;9;;;;;12019.0;0.0
0;17800;ASH_COATED_OSMIUM;9993.0;8;9990.0;15;;;10011.0;20;;;;;10002.0;0.0
0;17800;INTARIAN_PEPPER_ROOT;12008.0;20;;;;;12024.0;7;12027.0;17;;;12016.0;0.0
0;17900;ASH_COATED_OSMIUM;9993.0;8;9991.0;16;;;10009.0;10;;;;;10001.0;0.0
0;17900;INTARIAN_PEPPER_ROOT;12011.0;8;12008.0;19;;;12024.0;7;12027.0;14;;;12017.5;0.0
0;18000;ASH_COATED_OSMIUM;9993.0;15;9991.0;19;;;10009.0;13;;;;;10001.0;0.0
0;18000;INTARIAN_PEPPER_ROOT;12011.0;8;12008.0;17;;;12028.0;16;;;;;12019.5;0.0
0;18100;ASH_COATED_OSMIUM;9993.0;9;9991.0;21;;;10012.0;27;;;;;10002.5;0.0
0;18100;INTARIAN_PEPPER_ROOT;12012.0;8;;;;;12028.0;19;;;;;12020.0;0.0
0;18200;ASH_COATED_OSMIUM;9993.0;8;;;;;10009.0;9;10012.0;24;;;10001.0;0.0
0;18200;INTARIAN_PEPPER_ROOT;12012.0;9;;;;;12025.0;8;;;;;12018.5;0.0
0;18300;ASH_COATED_OSMIUM;9991.0;20;;;;;10009.0;6;10012.0;17;;;10000.0;0.0
0;18300;INTARIAN_PEPPER_ROOT;12012.0;10;12009.0;14;;;12025.0;10;12028.0;15;;;12018.5;0.0
0;18400;ASH_COATED_OSMIUM;9994.0;6;9991.0;14;;;10010.0;10;10012.0;18;;;10002.0;0.0
0;18400;INTARIAN_PEPPER_ROOT;12012.0;9;12009.0;17;;;12025.0;9;12028.0;20;;;12018.5;0.0
0;18500;ASH_COATED_OSMIUM;9994.0;11;9991.0;18;;;10010.0;10;;;;;10002.0;0.0
0;18500;INTARIAN_PEPPER_ROOT;12012.0;7;12009.0;16;;;12025.0;8;12028.0;15;;;12018.5;0.0
0;18600;ASH_COATED_OSMIUM;9994.0;9;9991.0;22;;;10010.0;11;;;;;10002.0;0.0
0;18600;INTARIAN_PEPPER_ROOT;12012.0;10;12009.0;20;;;12028.0;22;;;;;12020.0;0.0
0;18700;ASH_COATED_OSMIUM;9994.0;11;9991.0;12;;;10003.0;1;10010.0;11;10012.0;14;9998.5;0.0
0;18700;INTARIAN_PEPPER_ROOT;12012.0;9;;;;;12028.0;14;;;;;12020.0;0.0
0;18800;ASH_COATED_OSMIUM;9994.0;8;;;;;10010.0;12;10013.0;26;;;10002.0;0.0
0;18800;INTARIAN_PEPPER_ROOT;12012.0;7;;;;;12025.0;8;;;;;12018.5;0.0
0;18900;ASH_COATED_OSMIUM;9994.0;8;;;;;10003.0;5;10010.0;10;10012.0;25;9998.5;0.0
0;18900;INTARIAN_PEPPER_ROOT;12009.0;17;;;;;12025.0;8;12028.0;15;;;12017.0;0.0
0;19000;ASH_COATED_OSMIUM;9994.0;9;9991.0;26;;;10012.0;20;;;;;10003.0;0.0
0;19000;INTARIAN_PEPPER_ROOT;12012.0;11;12009.0;16;;;12026.0;10;12029.0;14;;;12019.0;0.0
0;19100;ASH_COATED_OSMIUM;9994.0;7;;;;;10010.0;13;10012.0;25;;;10002.0;0.0
0;19100;INTARIAN_PEPPER_ROOT;12013.0;8;12010.0;16;;;12026.0;9;12029.0;18;;;12019.5;0.0
0;19200;ASH_COATED_OSMIUM;9993.0;8;;;;;10009.0;9;10012.0;19;;;10001.0;0.0
0;19200;INTARIAN_PEPPER_ROOT;12013.0;7;12010.0;15;;;12026.0;7;12029.0;14;;;12019.5;0.0
0;19300;ASH_COATED_OSMIUM;9993.0;13;9991.0;18;;;10009.0;12;10012.0;14;;;10001.0;0.0
0;19300;INTARIAN_PEPPER_ROOT;12013.0;5;;;;;12026.0;7;12029.0;16;;;12019.5;0.0
0;19400;ASH_COATED_OSMIUM;9993.0;13;9991.0;20;;;10009.0;9;10012.0;15;;;10001.0;0.0
0;19400;INTARIAN_PEPPER_ROOT;12013.0;7;12010.0;15;;;12026.0;7;12029.0;15;;;12019.5;0.0
0;19500;ASH_COATED_OSMIUM;9993.0;7;9990.0;16;;;10009.0;8;10011.0;19;;;10001.0;0.0
0;19500;INTARIAN_PEPPER_ROOT;12010.0;14;;;;;12026.0;7;12029.0;17;;;12018.0;0.0
0;19600;ASH_COATED_OSMIUM;9993.0;8;9990.0;23;;;10009.0;9;10011.0;23;;;10001.0;0.0
0;19600;INTARIAN_PEPPER_ROOT;12010.0;18;;;;;12026.0;7;;;;;12018.0;0.0
0;19700;ASH_COATED_OSMIUM;9990.0;19;;;;;10009.0;13;10011.0;20;;;9999.5;0.0
0;19700;INTARIAN_PEPPER_ROOT;12013.0;7;12010.0;20;;;;;;;;;12013.0;0.0
0;19800;ASH_COATED_OSMIUM;9993.0;10;9990.0;24;;;9998.0;3;10009.0;14;10011.0;24;9995.5;0.0
0;19800;INTARIAN_PEPPER_ROOT;12013.0;7;12010.0;10;;;12026.0;6;12029.0;13;;;12019.5;0.0
0;19900;ASH_COATED_OSMIUM;9993.0;8;9991.0;19;;;10009.0;6;10012.0;21;;;10001.0;0.0
0;19900;INTARIAN_PEPPER_ROOT;12013.0;10;12010.0;13;;;12022.0;8;12026.0;11;12029.0;9;12017.5;0.0
0;20000;ASH_COATED_OSMIUM;9993.0;11;9991.0;19;;;10009.0;13;10012.0;17;;;10001.0;0.0
0;20000;INTARIAN_PEPPER_ROOT;12010.0;22;;;;;12027.0;9;12030.0;21;;;12018.5;0.0
0;20100;ASH_COATED_OSMIUM;9993.0;9;9990.0;24;;;10009.0;8;10011.0;25;;;10001.0;0.0
0;20100;INTARIAN_PEPPER_ROOT;12014.0;6;;;;;12030.0;12;;;;;12022.0;0.0
0;20200;ASH_COATED_OSMIUM;9993.0;12;9990.0;25;;;10011.0;23;;;;;10002.0;0.0
0;20200;INTARIAN_PEPPER_ROOT;;;;;;;12027.0;8;12030.0;10;;;12027.0;0.0
0;20300;ASH_COATED_OSMIUM;9990.0;19;;;;;10009.0;9;10011.0;18;;;9999.5;0.0
0;20300;INTARIAN_PEPPER_ROOT;12014.0;9;12011.0;16;;;;;;;;;12014.0;0.0
0;20400;ASH_COATED_OSMIUM;9992.0;7;9990.0;20;;;10008.0;5;10011.0;20;;;10000.0;0.0
0;20400;INTARIAN_PEPPER_ROOT;12014.0;4;12011.0;12;;;12027.0;8;12030.0;12;;;12020.5;0.0
0;20500;ASH_COATED_OSMIUM;9992.0;6;9990.0;21;;;10008.0;10;10011.0;23;;;10000.0;0.0
0;20500;INTARIAN_PEPPER_ROOT;12014.0;12;12011.0;15;;;12027.0;7;12030.0;17;;;12020.5;0.0
0;20600;ASH_COATED_OSMIUM;9992.0;8;9990.0;15;;;10008.0;11;10011.0;19;;;10000.0;0.0
0;20600;INTARIAN_PEPPER_ROOT;12014.0;5;12011.0;14;;;12027.0;9;12030.0;16;;;12020.5;0.0
0;20700;ASH_COATED_OSMIUM;9990.0;17;;;;;10008.0;14;10011.0;17;;;9999.0;0.0
0;20700;INTARIAN_PEPPER_ROOT;12014.0;6;12011.0;13;;;12027.0;7;;;;;12020.5;0.0
0;20800;ASH_COATED_OSMIUM;9992.0;7;;;;;10008.0;8;10011.0;21;;;10000.0;0.0
0;20800;INTARIAN_PEPPER_ROOT;12014.0;8;12011.0;18;;;12030.0;18;;;;;12022.0;0.0
0;20900;ASH_COATED_OSMIUM;9992.0;11;;;;;10008.0;12;10011.0;15;;;10000.0;0.0
0;20900;INTARIAN_PEPPER_ROOT;12014.0;9;12011.0;19;;;12027.0;6;12030.0;19;;;12020.5;0.0
0;21000;ASH_COATED_OSMIUM;9993.0;9;9990.0;17;;;10009.0;8;10011.0;17;;;10001.0;0.0
0;21000;INTARIAN_PEPPER_ROOT;12014.0;7;12011.0;9;;;12028.0;7;;;;;12021.0;0.0
0;21100;ASH_COATED_OSMIUM;9992.0;8;;;;;10008.0;8;10011.0;21;;;10000.0;0.0
0;21100;INTARIAN_PEPPER_ROOT;12015.0;6;12012.0;13;;;;;;;;;12015.0;0.0
0;21200;ASH_COATED_OSMIUM;9992.0;9;9990.0;22;;;10002.0;5;10008.0;11;10011.0;20;9997.0;0.0
0;21200;INTARIAN_PEPPER_ROOT;12015.0;10;12012.0;18;;;12028.0;8;12031.0;18;;;12021.5;0.0
0;21300;ASH_COATED_OSMIUM;9993.0;8;9990.0;22;;;10009.0;8;10011.0;21;;;10001.0;0.0
0;21300;INTARIAN_PEPPER_ROOT;12015.0;10;12012.0;13;;;12028.0;8;12031.0;13;;;12021.5;0.0
0;21400;ASH_COATED_OSMIUM;;;;;;;10008.0;10;10011.0;21;;;10008.0;0.0
0;21400;INTARIAN_PEPPER_ROOT;12015.0;8;12012.0;18;;;12028.0;8;;;;;12021.5;0.0
0;21500;ASH_COATED_OSMIUM;9998.0;1;9993.0;12;9990.0;24;10011.0;25;;;;;10004.5;0.0
0;21500;INTARIAN_PEPPER_ROOT;12015.0;6;12012.0;15;;;12028.0;7;;;;;12021.5;0.0
0;21600;ASH_COATED_OSMIUM;9993.0;13;9990.0;23;;;10009.0;11;10011.0;22;;;10001.0;0.0
0;21600;INTARIAN_PEPPER_ROOT;12015.0;5;12012.0;17;;;12028.0;7;12031.0;17;;;12021.5;0.0
0;21700;ASH_COATED_OSMIUM;9993.0;10;9990.0;17;;;10009.0;12;10011.0;23;;;10001.0;0.0
0;21700;INTARIAN_PEPPER_ROOT;12015.0;6;12012.0;19;;;12028.0;6;;;;;12021.5;0.0
0;21800;ASH_COATED_OSMIUM;9993.0;9;9991.0;18;;;10009.0;9;10012.0;18;;;10001.0;0.0
0;21800;INTARIAN_PEPPER_ROOT;12015.0;7;12012.0;20;;;12031.0;14;;;;;12023.0;0.0
0;21900;ASH_COATED_OSMIUM;9993.0;13;9991.0;21;;;10009.0;11;10012.0;22;;;10001.0;0.0
0;21900;INTARIAN_PEPPER_ROOT;12015.0;7;12012.0;13;;;12031.0;11;;;;;12023.0;0.0
0;22000;ASH_COATED_OSMIUM;;;;;;;10009.0;13;10012.0;24;;;10009.0;0.0
0;22000;INTARIAN_PEPPER_ROOT;12015.0;8;12012.0;13;;;12029.0;8;;;;;12022.0;0.0
0;22100;ASH_COATED_OSMIUM;9993.0;7;9991.0;25;;;10009.0;9;10012.0;26;;;10001.0;0.0
0;22100;INTARIAN_PEPPER_ROOT;12016.0;10;12013.0;12;;;12029.0;10;;;;;12022.5;0.0
0;22200;ASH_COATED_OSMIUM;9991.0;18;;;;;10010.0;7;;;;;10000.5;0.0
0;22200;INTARIAN_PEPPER_ROOT;12016.0;12;;;;;12029.0;10;;;;;12022.5;0.0
0;22300;ASH_COATED_OSMIUM;9994.0;11;9991.0;23;;;;;;;;;9994.0;0.0
0;22300;INTARIAN_PEPPER_ROOT;;;;;;;12029.0;8;12032.0;22;;;12029.0;0.0
0;22400;ASH_COATED_OSMIUM;9993.0;10;;;;;10009.0;10;;;;;10001.0;0.0
0;22400;INTARIAN_PEPPER_ROOT;12016.0;7;12013.0;17;;;12029.0;8;12032.0;20;;;12022.5;0.0
0;22500;ASH_COATED_OSMIUM;9991.0;20;;;;;;;;;;;9991.0;0.0
0;22500;INTARIAN_PEPPER_ROOT;12016.0;7;12013.0;18;;;12029.0;9;12032.0;17;;;12022.5;0.0
0;22600;ASH_COATED_OSMIUM;9994.0;9;9992.0;24;;;10010.0;8;10013.0;22;;;10002.0;0.0
0;22600;INTARIAN_PEPPER_ROOT;12016.0;8;12013.0;15;;;12029.0;5;12032.0;14;;;12022.5;0.0
0;22700;ASH_COATED_OSMIUM;9999.0;4;9994.0;8;9991.0;23;10010.0;9;;;;;10004.5;0.0
0;22700;INTARIAN_PEPPER_ROOT;12016.0;7;12013.0;18;;;12029.0;7;12032.0;14;;;12022.5;0.0
0;22800;ASH_COATED_OSMIUM;9991.0;17;;;;;10009.0;11;10012.0;23;;;10000.0;0.0
0;22800;INTARIAN_PEPPER_ROOT;12016.0;10;12013.0;14;;;12029.0;10;12032.0;15;;;12022.5;0.0
0;22900;ASH_COATED_OSMIUM;9993.0;9;;;;;10009.0;9;10012.0;18;;;10001.0;0.0
0;22900;INTARIAN_PEPPER_ROOT;12016.0;10;12013.0;21;;;12029.0;9;;;;;12022.5;0.0
0;23000;ASH_COATED_OSMIUM;9993.0;10;;;;;10009.0;11;;;;;10001.0;0.0
0;23000;INTARIAN_PEPPER_ROOT;12016.0;10;12013.0;17;;;12030.0;10;12033.0;20;;;12023.0;0.0
0;23100;ASH_COATED_OSMIUM;9993.0;9;;;;;10009.0;10;10012.0;23;;;10001.0;0.0
0;23100;INTARIAN_PEPPER_ROOT;12017.0;7;;;;;12019.0;4;12030.0;9;12033.0;18;12018.0;0.0
0;23200;ASH_COATED_OSMIUM;9990.0;21;;;;;10002.0;2;10009.0;13;10011.0;21;9996.0;0.0
0;23200;INTARIAN_PEPPER_ROOT;12017.0;8;12014.0;17;;;12030.0;6;12033.0;19;;;12023.5;0.0
0;23300;ASH_COATED_OSMIUM;9992.0;9;9990.0;18;;;10008.0;8;10011.0;23;;;10000.0;0.0
0;23300;INTARIAN_PEPPER_ROOT;12017.0;7;12014.0;16;;;12030.0;7;12033.0;19;;;12023.5;0.0
0;23400;ASH_COATED_OSMIUM;9990.0;22;;;;;10009.0;8;10011.0;23;;;9999.5;0.0
0;23400;INTARIAN_PEPPER_ROOT;;;;;;;12030.0;8;12033.0;19;;;12030.0;0.0
0;23500;ASH_COATED_OSMIUM;9993.0;8;;;;;10009.0;10;10011.0;22;;;10001.0;0.0
0;23500;INTARIAN_PEPPER_ROOT;;;;;;;12030.0;8;12033.0;18;;;12030.0;0.0
0;23600;ASH_COATED_OSMIUM;9990.0;15;;;;;10009.0;14;10011.0;14;;;9999.5;0.0
0;23600;INTARIAN_PEPPER_ROOT;12017.0;8;12014.0;13;;;12030.0;8;12033.0;17;;;12023.5;0.0
0;23700;ASH_COATED_OSMIUM;9992.0;8;9990.0;24;;;10008.0;10;10011.0;23;;;10000.0;0.0
0;23700;INTARIAN_PEPPER_ROOT;12017.0;7;12014.0;14;;;12030.0;8;12033.0;13;;;12023.5;0.0
0;23800;ASH_COATED_OSMIUM;9992.0;10;9990.0;27;;;10008.0;11;10011.0;25;;;10000.0;0.0
0;23800;INTARIAN_PEPPER_ROOT;12017.0;7;12014.0;14;;;12030.0;8;12033.0;16;;;12023.5;0.0
0;23900;ASH_COATED_OSMIUM;9990.0;23;;;;;10009.0;11;10011.0;21;;;9999.5;0.0
0;23900;INTARIAN_PEPPER_ROOT;12017.0;9;12014.0;17;;;12033.0;14;;;;;12025.0;0.0
0;24000;ASH_COATED_OSMIUM;9993.0;10;9990.0;19;;;10009.0;8;10011.0;18;;;10001.0;0.0
0;24000;INTARIAN_PEPPER_ROOT;12017.0;7;12014.0;14;;;12034.0;11;;;;;12025.5;0.0
0;24100;ASH_COATED_OSMIUM;9993.0;8;9990.0;21;;;10009.0;6;10011.0;18;;;10001.0;0.0
0;24100;INTARIAN_PEPPER_ROOT;12015.0;13;;;;;12031.0;5;;;;;12023.0;0.0
0;24200;ASH_COATED_OSMIUM;9992.0;7;9990.0;28;;;10011.0;27;;;;;10001.5;0.0
0;24200;INTARIAN_PEPPER_ROOT;12018.0;8;12015.0;17;;;12031.0;8;12034.0;15;;;12024.5;0.0
0;24300;ASH_COATED_OSMIUM;9993.0;11;;;;;10011.0;25;;;;;10002.0;0.0
0;24300;INTARIAN_PEPPER_ROOT;12018.0;8;;;;;12031.0;11;12034.0;16;;;12024.5;0.0
0;24400;ASH_COATED_OSMIUM;9992.0;11;9990.0;12;;;9998.0;7;10008.0;13;10011.0;16;9995.0;0.0
0;24400;INTARIAN_PEPPER_ROOT;12018.0;10;;;;;12031.0;9;12034.0;20;;;12024.5;0.0
0;24500;ASH_COATED_OSMIUM;9992.0;9;9990.0;17;;;10011.0;22;;;;;10001.5;0.0
0;24500;INTARIAN_PEPPER_ROOT;12018.0;8;12015.0;14;;;12031.0;10;12034.0;14;;;12024.5;0.0
0;24600;ASH_COATED_OSMIUM;9992.0;12;9990.0;18;;;10008.0;12;10011.0;19;;;10000.0;0.0
0;24600;INTARIAN_PEPPER_ROOT;12018.0;7;12015.0;12;;;12031.0;6;12034.0;14;;;12024.5;0.0
0;24700;ASH_COATED_OSMIUM;9990.0;19;;;;;10009.0;10;10011.0;18;;;9999.5;0.0
0;24700;INTARIAN_PEPPER_ROOT;12018.0;9;12015.0;13;;;12031.0;10;12034.0;16;;;12024.5;0.0
0;24800;ASH_COATED_OSMIUM;9993.0;10;9990.0;17;;;10009.0;10;10011.0;15;;;10001.0;0.0
0;24800;INTARIAN_PEPPER_ROOT;12015.0;16;;;;;12031.0;7;12034.0;13;;;12023.0;0.0
0;24900;ASH_COATED_OSMIUM;9993.0;9;9990.0;19;;;10009.0;10;;;;;10001.0;0.0
0;24900;INTARIAN_PEPPER_ROOT;12018.0;9;;;;;12031.0;10;12034.0;14;;;12024.5;0.0
0;25000;ASH_COATED_OSMIUM;9993.0;12;9990.0;18;;;10011.0;23;;;;;10002.0;0.0
0;25000;INTARIAN_PEPPER_ROOT;12018.0;7;;;;;12032.0;9;12035.0;10;;;12025.0;0.0
0;25100;ASH_COATED_OSMIUM;9993.0;6;9991.0;23;;;10009.0;9;10012.0;23;;;10001.0;0.0
0;25100;INTARIAN_PEPPER_ROOT;12019.0;9;12016.0;13;;;12032.0;8;12035.0;15;;;12025.5;0.0
0;25200;ASH_COATED_OSMIUM;;;;;;;10009.0;8;;;;;10009.0;0.0
0;25200;INTARIAN_PEPPER_ROOT;12019.0;8;12016.0;13;;;12035.0;14;;;;;12027.0;0.0
0;25300;ASH_COATED_OSMIUM;9993.0;9;9990.0;26;;;10009.0;8;10011.0;21;;;10001.0;0.0
0;25300;INTARIAN_PEPPER_ROOT;12019.0;9;;;;;12032.0;8;;;;;12025.5;0.0
0;25400;ASH_COATED_OSMIUM;9993.0;10;9990.0;25;;;10009.0;12;10011.0;21;;;10001.0;0.0
0;25400;INTARIAN_PEPPER_ROOT;12019.0;8;12016.0;18;;;12032.0;9;12035.0;21;;;12025.5;0.0
0;25500;ASH_COATED_OSMIUM;9993.0;10;9990.0;16;;;10011.0;17;;;;;10002.0;0.0
0;25500;INTARIAN_PEPPER_ROOT;12019.0;9;12016.0;18;;;12021.0;5;12032.0;7;12035.0;23;12020.0;0.0
0;25600;ASH_COATED_OSMIUM;9993.0;12;9990.0;20;;;;;;;;;9993.0;0.0
0;25600;INTARIAN_PEPPER_ROOT;12019.0;6;12016.0;17;;;12035.0;18;;;;;12027.0;0.0
0;25700;ASH_COATED_OSMIUM;9993.0;11;9990.0;18;;;10009.0;14;;;;;10001.0;0.0
0;25700;INTARIAN_PEPPER_ROOT;12019.0;7;;;;;12032.0;6;12035.0;20;;;12025.5;0.0
0;25800;ASH_COATED_OSMIUM;9992.0;11;9990.0;13;;;10011.0;20;;;;;10001.5;0.0
0;25800;INTARIAN_PEPPER_ROOT;12016.0;16;;;;;12032.0;10;;;;;12024.0;0.0
0;25900;ASH_COATED_OSMIUM;9993.0;10;9990.0;24;;;10009.0;11;10011.0;24;;;10001.0;0.0
0;25900;INTARIAN_PEPPER_ROOT;12016.0;13;;;;;12032.0;7;;;;;12024.0;0.0
0;26000;ASH_COATED_OSMIUM;9993.0;11;;;;;10011.0;19;;;;;10002.0;0.0
0;26000;INTARIAN_PEPPER_ROOT;12016.0;20;;;;;12033.0;8;12036.0;18;;;12024.5;0.0
0;26100;ASH_COATED_OSMIUM;9993.0;8;;;;;10011.0;22;;;;;10002.0;0.0
0;26100;INTARIAN_PEPPER_ROOT;12020.0;5;12017.0;19;;;12033.0;6;12036.0;15;;;12026.5;0.0
0;26200;ASH_COATED_OSMIUM;9993.0;13;9991.0;24;;;10009.0;12;;;;;10001.0;0.0
0;26200;INTARIAN_PEPPER_ROOT;12020.0;7;12017.0;15;;;;;;;;;12020.0;0.0
0;26300;ASH_COATED_OSMIUM;9993.0;10;;;;;10009.0;10;10012.0;19;;;10001.0;0.0
0;26300;INTARIAN_PEPPER_ROOT;12020.0;10;12017.0;15;;;12036.0;16;;;;;12028.0;0.0
0;26400;ASH_COATED_OSMIUM;9991.0;18;;;;;10010.0;10;10012.0;16;;;10000.5;0.0
0;26400;INTARIAN_PEPPER_ROOT;12017.0;13;;;;;12033.0;8;12036.0;11;;;12025.0;0.0
0;26500;ASH_COATED_OSMIUM;9994.0;10;9991.0;22;;;10010.0;7;10012.0;24;;;10002.0;0.0
0;26500;INTARIAN_PEPPER_ROOT;12030.0;5;12020.0;6;;;12033.0;6;;;;;12031.5;0.0
0;26600;ASH_COATED_OSMIUM;;;;;;;10010.0;10;10013.0;19;;;10010.0;0.0
0;26600;INTARIAN_PEPPER_ROOT;12020.0;10;12017.0;11;;;12036.0;11;;;;;12028.0;0.0
0;26700;ASH_COATED_OSMIUM;9994.0;7;9992.0;19;;;10010.0;7;;;;;10002.0;0.0
0;26700;INTARIAN_PEPPER_ROOT;12020.0;9;12017.0;18;;;12033.0;6;;;;;12026.5;0.0
0;26800;ASH_COATED_OSMIUM;9994.0;5;9991.0;16;;;9999.0;8;10010.0;14;10012.0;16;9996.5;0.0
0;26800;INTARIAN_PEPPER_ROOT;12020.0;11;12017.0;9;;;12036.0;14;;;;;12028.0;0.0
0;26900;ASH_COATED_OSMIUM;9993.0;10;9991.0;24;;;10009.0;6;;;;;10001.0;0.0
0;26900;INTARIAN_PEPPER_ROOT;12020.0;6;12017.0;16;;;;;;;;;12020.0;0.0
0;27000;ASH_COATED_OSMIUM;9993.0;9;9990.0;22;;;10009.0;10;10011.0;22;;;10001.0;0.0
0;27000;INTARIAN_PEPPER_ROOT;12020.0;7;12017.0;18;;;12037.0;20;;;;;12028.5;0.0
0;27100;ASH_COATED_OSMIUM;9993.0;10;;;;;;;;;;;9993.0;0.0
0;27100;INTARIAN_PEPPER_ROOT;12021.0;8;12018.0;15;;;12034.0;8;12037.0;17;;;12027.5;0.0
0;27200;ASH_COATED_OSMIUM;9993.0;11;9990.0;20;;;10009.0;12;10011.0;17;;;10001.0;0.0
0;27200;INTARIAN_PEPPER_ROOT;12021.0;8;;;;;12034.0;10;;;;;12027.5;0.0
0;27300;ASH_COATED_OSMIUM;9993.0;5;9990.0;16;;;10009.0;9;10011.0;21;;;10001.0;0.0
0;27300;INTARIAN_PEPPER_ROOT;12021.0;10;12018.0;13;;;12037.0;12;;;;;12029.0;0.0
0;27400;ASH_COATED_OSMIUM;9993.0;13;9991.0;17;;;10009.0;14;10012.0;20;;;10001.0;0.0
0;27400;INTARIAN_PEPPER_ROOT;12021.0;9;12018.0;12;;;12034.0;9;;;;;12027.5;0.0
0;27500;ASH_COATED_OSMIUM;9993.0;10;9991.0;21;;;10009.0;8;10012.0;19;;;10001.0;0.0
0;27500;INTARIAN_PEPPER_ROOT;12021.0;10;12018.0;12;;;12034.0;10;;;;;12027.5;0.0
0;27600;ASH_COATED_OSMIUM;9993.0;10;9991.0;20;;;10009.0;8;10012.0;18;;;10001.0;0.0
0;27600;INTARIAN_PEPPER_ROOT;12021.0;10;12018.0;21;;;12034.0;9;12037.0;19;;;12027.5;0.0
0;27700;ASH_COATED_OSMIUM;9993.0;10;;;;;10009.0;6;10012.0;18;;;10001.0;0.0
0;27700;INTARIAN_PEPPER_ROOT;12021.0;7;12018.0;23;;;12034.0;7;12037.0;21;;;12027.5;0.0
0;27800;ASH_COATED_OSMIUM;9992.0;13;9990.0;16;;;;;;;;;9992.0;0.0
0;27800;INTARIAN_PEPPER_ROOT;12021.0;9;12018.0;12;;;12034.0;8;12037.0;11;;;12027.5;0.0
0;27900;ASH_COATED_OSMIUM;9992.0;13;9990.0;20;;;10008.0;11;10011.0;19;;;10000.0;0.0
0;27900;INTARIAN_PEPPER_ROOT;12021.0;4;12018.0;17;;;12037.0;15;;;;;12029.0;0.0
0;28000;ASH_COATED_OSMIUM;10002.0;2;9990.0;22;;;10008.0;12;;;;;10005.0;0.0
0;28000;INTARIAN_PEPPER_ROOT;12018.0;20;;;;;12035.0;12;12038.0;17;;;12026.5;0.0
0;28100;ASH_COATED_OSMIUM;9992.0;8;9989.0;15;;;10008.0;10;10010.0;22;;;10000.0;0.0
0;28100;INTARIAN_PEPPER_ROOT;12022.0;7;12019.0;16;;;12035.0;8;12038.0;16;;;12028.5;0.0
0;28200;ASH_COATED_OSMIUM;9993.0;7;9990.0;16;;;10009.0;8;10011.0;20;;;10001.0;0.0
0;28200;INTARIAN_PEPPER_ROOT;12022.0;9;;;;;12035.0;10;12038.0;18;;;12028.5;0.0
0;28300;ASH_COATED_OSMIUM;9993.0;11;9990.0;17;;;10009.0;9;10011.0;18;;;10001.0;0.0
0;28300;INTARIAN_PEPPER_ROOT;12022.0;8;12019.0;20;;;12035.0;7;12038.0;21;;;12028.5;0.0
0;28400;ASH_COATED_OSMIUM;9990.0;16;;;;;10009.0;7;;;;;9999.5;0.0
0;28400;INTARIAN_PEPPER_ROOT;12019.0;13;;;;;12035.0;10;12038.0;14;;;12027.0;0.0
0;28500;ASH_COATED_OSMIUM;;;;;;;10002.0;3;10009.0;10;10011.0;20;10002.0;0.0
0;28500;INTARIAN_PEPPER_ROOT;12022.0;9;12019.0;15;;;12035.0;10;12038.0;16;;;12028.5;0.0
0;28600;ASH_COATED_OSMIUM;9990.0;21;;;;;10009.0;13;10011.0;22;;;9999.5;0.0
0;28600;INTARIAN_PEPPER_ROOT;12022.0;10;12019.0;13;;;12035.0;9;12038.0;11;;;12028.5;0.0
0;28700;ASH_COATED_OSMIUM;9994.0;9;9991.0;18;;;10010.0;7;10012.0;20;;;10002.0;0.0
0;28700;INTARIAN_PEPPER_ROOT;12026.0;8;12022.0;6;12019.0;14;12035.0;9;12038.0;16;;;12030.5;0.0
0;28800;ASH_COATED_OSMIUM;9993.0;14;9991.0;20;;;10009.0;13;10012.0;20;;;10001.0;0.0
0;28800;INTARIAN_PEPPER_ROOT;12022.0;10;12019.0;15;;;12035.0;8;12038.0;10;;;12028.5;0.0
0;28900;ASH_COATED_OSMIUM;9993.0;12;9991.0;17;;;10009.0;12;10012.0;19;;;10001.0;0.0
0;28900;INTARIAN_PEPPER_ROOT;;;;;;;12035.0;7;12038.0;19;;;12035.0;0.0
0;29000;ASH_COATED_OSMIUM;9993.0;8;9991.0;18;;;10012.0;19;;;;;10002.5;0.0
0;29000;INTARIAN_PEPPER_ROOT;12022.0;10;12019.0;15;;;12036.0;9;12039.0;13;;;12029.0;0.0
0;29100;ASH_COATED_OSMIUM;;;;;;;10009.0;6;10011.0;26;;;10009.0;0.0
0;29100;INTARIAN_PEPPER_ROOT;12023.0;8;12020.0;21;;;12039.0;18;;;;;12031.0;0.0
0;29200;ASH_COATED_OSMIUM;9993.0;11;9990.0;17;;;10009.0;11;10011.0;17;;;10001.0;0.0
0;29200;INTARIAN_PEPPER_ROOT;;;;;;;12036.0;6;12039.0;20;;;12036.0;0.0
0;29300;ASH_COATED_OSMIUM;9993.0;9;9990.0;19;;;10009.0;8;10011.0;18;;;10001.0;0.0
0;29300;INTARIAN_PEPPER_ROOT;12023.0;9;12020.0;16;;;12036.0;9;12039.0;18;;;12029.5;0.0
0;29400;ASH_COATED_OSMIUM;9993.0;14;9990.0;23;;;10009.0;13;10011.0;20;;;10001.0;0.0
0;29400;INTARIAN_PEPPER_ROOT;12023.0;11;12020.0;15;;;12036.0;11;12039.0;17;;;12029.5;0.0
0;29500;ASH_COATED_OSMIUM;9993.0;11;9990.0;20;;;10009.0;10;10011.0;20;;;10001.0;0.0
0;29500;INTARIAN_PEPPER_ROOT;;;;;;;12036.0;10;12039.0;13;;;12036.0;0.0
0;29600;ASH_COATED_OSMIUM;9993.0;9;;;;;10011.0;25;;;;;10002.0;0.0
0;29600;INTARIAN_PEPPER_ROOT;12023.0;6;12020.0;17;;;12036.0;7;12039.0;15;;;12029.5;0.0
0;29700;ASH_COATED_OSMIUM;9992.0;11;9990.0;25;;;10008.0;10;10011.0;21;;;10000.0;0.0
0;29700;INTARIAN_PEPPER_ROOT;12023.0;9;12020.0;15;;;12036.0;8;12039.0;17;;;12029.5;0.0
0;29800;ASH_COATED_OSMIUM;;;;;;;10009.0;13;10011.0;19;;;10009.0;0.0
0;29800;INTARIAN_PEPPER_ROOT;12023.0;7;12020.0;20;;;12036.0;10;12039.0;22;;;12029.5;0.0
0;29900;ASH_COATED_OSMIUM;9993.0;12;9990.0;21;;;10009.0;11;10011.0;18;;;10001.0;0.0
0;29900;INTARIAN_PEPPER_ROOT;12023.0;8;12020.0;16;;;12036.0;11;12039.0;14;;;12029.5;0.0
0;30000;ASH_COATED_OSMIUM;9990.0;18;;;;;10009.0;11;10011.0;25;;;9999.5;0.0
0;30000;INTARIAN_PEPPER_ROOT;12023.0;9;;;;;12032.0;8;12037.0;10;;;12027.5;0.0
0;30100;ASH_COATED_OSMIUM;9993.0;10;9991.0;16;;;10009.0;11;10012.0;21;;;10001.0;0.0
0;30100;INTARIAN_PEPPER_ROOT;12024.0;9;12021.0;16;;;12037.0;10;12040.0;15;;;12030.5;0.0
0;30200;ASH_COATED_OSMIUM;9993.0;11;;;;;10009.0;11;10012.0;19;;;10001.0;0.0
0;30200;INTARIAN_PEPPER_ROOT;12024.0;10;12021.0;16;;;12037.0;9;12040.0;19;;;12030.5;0.0
0;30300;ASH_COATED_OSMIUM;9993.0;10;9991.0;20;;;10012.0;18;;;;;10002.5;0.0
0;30300;INTARIAN_PEPPER_ROOT;12024.0;9;12021.0;17;;;12037.0;8;;;;;12030.5;0.0
0;30400;ASH_COATED_OSMIUM;;;;;;;10009.0;10;10011.0;20;;;10009.0;0.0
0;30400;INTARIAN_PEPPER_ROOT;12024.0;8;;;;;12037.0;5;12040.0;19;;;12030.5;0.0
0;30500;ASH_COATED_OSMIUM;9990.0;14;;;;;10009.0;9;10011.0;18;;;9999.5;0.0
0;30500;INTARIAN_PEPPER_ROOT;12024.0;9;12021.0;18;;;12037.0;8;12040.0;15;;;12030.5;0.0
0;30600;ASH_COATED_OSMIUM;9993.0;10;;;;;10009.0;13;10011.0;19;;;10001.0;0.0
0;30600;INTARIAN_PEPPER_ROOT;12024.0;6;;;;;12037.0;6;12040.0;13;;;12030.5;0.0
0;30700;ASH_COATED_OSMIUM;9993.0;14;9990.0;19;;;10011.0;21;;;;;10002.0;0.0
0;30700;INTARIAN_PEPPER_ROOT;12024.0;8;12021.0;15;;;12037.0;6;12040.0;18;;;12030.5;0.0
0;30800;ASH_COATED_OSMIUM;9993.0;10;9990.0;21;;;10009.0;11;;;;;10001.0;0.0
0;30800;INTARIAN_PEPPER_ROOT;12024.0;6;12021.0;16;;;12037.0;8;12040.0;18;;;12030.5;0.0
0;30900;ASH_COATED_OSMIUM;9993.0;10;9990.0;20;;;10009.0;12;10011.0;18;;;10001.0;0.0
0;30900;INTARIAN_PEPPER_ROOT;12021.0;14;;;;;12037.0;7;12040.0;15;;;12029.0;0.0
0;31000;ASH_COATED_OSMIUM;9993.0;12;9990.0;27;;;10009.0;13;10011.0;26;;;10001.0;0.0
0;31000;INTARIAN_PEPPER_ROOT;12024.0;4;12021.0;13;;;12038.0;7;12041.0;18;;;12031.0;0.0
0;31100;ASH_COATED_OSMIUM;9992.0;9;9990.0;19;;;10008.0;13;10011.0;20;;;10000.0;0.0
0;31100;INTARIAN_PEPPER_ROOT;12025.0;11;12022.0;11;;;12038.0;9;12041.0;11;;;12031.5;0.0
0;31200;ASH_COATED_OSMIUM;9990.0;20;;;;;10009.0;12;10011.0;18;;;9999.5;0.0
0;31200;INTARIAN_PEPPER_ROOT;12022.0;19;;;;;12038.0;10;12041.0;20;;;12030.0;0.0
0;31300;ASH_COATED_OSMIUM;9993.0;13;;;;;10009.0;11;10011.0;24;;;10001.0;0.0
0;31300;INTARIAN_PEPPER_ROOT;12025.0;10;12022.0;21;;;12038.0;9;;;;;12031.5;0.0
0;31400;ASH_COATED_OSMIUM;9993.0;11;9990.0;18;;;10009.0;10;10011.0;21;;;10001.0;0.0
0;31400;INTARIAN_PEPPER_ROOT;;;;;;;12038.0;7;12041.0;18;;;12038.0;0.0
0;31500;ASH_COATED_OSMIUM;9993.0;11;9990.0;21;;;10009.0;10;10011.0;19;;;10001.0;0.0
0;31500;INTARIAN_PEPPER_ROOT;12025.0;8;12022.0;14;;;12038.0;7;12041.0;12;;;12031.5;0.0
0;31600;ASH_COATED_OSMIUM;9993.0;8;9990.0;16;;;10009.0;6;;;;;10001.0;0.0
0;31600;INTARIAN_PEPPER_ROOT;12025.0;7;12022.0;16;;;12038.0;12;12041.0;18;;;12031.5;0.0
0;31700;ASH_COATED_OSMIUM;9993.0;11;9990.0;18;;;10009.0;11;10011.0;15;;;10001.0;0.0
0;31700;INTARIAN_PEPPER_ROOT;12022.0;18;;;;;12038.0;10;12041.0;15;;;12030.0;0.0
0;31800;ASH_COATED_OSMIUM;9993.0;9;9990.0;22;;;10009.0;9;10011.0;22;;;10001.0;0.0
0;31800;INTARIAN_PEPPER_ROOT;12025.0;8;12022.0;14;;;12041.0;18;;;;;12033.0;0.0
0;31900;ASH_COATED_OSMIUM;9990.0;19;;;;;10009.0;9;;;;;9999.5;0.0
0;31900;INTARIAN_PEPPER_ROOT;12025.0;9;12022.0;13;;;12038.0;6;12041.0;15;;;12031.5;0.0
0;32000;ASH_COATED_OSMIUM;9990.0;21;;;;;10009.0;6;;;;;9999.5;0.0
0;32000;INTARIAN_PEPPER_ROOT;12022.0;19;;;;;12039.0;7;;;;;12030.5;0.0
0;32100;ASH_COATED_OSMIUM;9993.0;10;9991.0;17;;;10009.0;10;10012.0;15;;;10001.0;0.0
0;32100;INTARIAN_PEPPER_ROOT;12026.0;6;12023.0;19;;;12039.0;5;;;;;12032.5;0.0
0;32200;ASH_COATED_OSMIUM;9994.0;12;9991.0;16;;;10010.0;9;10012.0;13;;;10002.0;0.0
0;32200;INTARIAN_PEPPER_ROOT;12026.0;10;;;;;12039.0;8;12042.0;15;;;12032.5;0.0
0;32300;ASH_COATED_OSMIUM;9991.0;21;;;;;10012.0;22;;;;;10001.5;0.0
0;32300;INTARIAN_PEPPER_ROOT;12026.0;8;;;;;12039.0;9;;;;;12032.5;0.0
0;32400;ASH_COATED_OSMIUM;9991.0;18;;;;;10012.0;25;;;;;10001.5;0.0
0;32400;INTARIAN_PEPPER_ROOT;12026.0;7;;;;;12039.0;7;12042.0;18;;;12032.5;0.0
0;32500;ASH_COATED_OSMIUM;9993.0;13;9990.0;28;;;10009.0;14;10011.0;23;;;10001.0;0.0
0;32500;INTARIAN_PEPPER_ROOT;12036.0;3;12023.0;15;;;12039.0;7;12042.0;14;;;12037.5;0.0
0;32600;ASH_COATED_OSMIUM;9993.0;10;9990.0;20;;;;;;;;;9993.0;0.0
0;32600;INTARIAN_PEPPER_ROOT;12026.0;6;12023.0;12;;;12039.0;4;12042.0;14;;;12032.5;0.0
0;32700;ASH_COATED_OSMIUM;9992.0;11;;;;;10008.0;10;10011.0;16;;;10000.0;0.0
0;32700;INTARIAN_PEPPER_ROOT;12023.0;19;;;;;12039.0;9;12042.0;17;;;12031.0;0.0
0;32800;ASH_COATED_OSMIUM;9992.0;11;9990.0;22;;;9998.0;6;10008.0;11;10011.0;19;9995.0;0.0
0;32800;INTARIAN_PEPPER_ROOT;12026.0;11;12023.0;19;;;12039.0;9;;;;;12032.5;0.0
0;32900;ASH_COATED_OSMIUM;9992.0;10;9990.0;24;;;10008.0;9;;;;;10000.0;0.0
0;32900;INTARIAN_PEPPER_ROOT;12026.0;7;12023.0;13;;;12039.0;8;12042.0;12;;;12032.5;0.0
0;33000;ASH_COATED_OSMIUM;;;;;;;10011.0;19;;;;;10011.0;0.0
0;33000;INTARIAN_PEPPER_ROOT;12026.0;6;;;;;12040.0;9;12043.0;16;;;12033.0;0.0
0;33100;ASH_COATED_OSMIUM;9992.0;7;9990.0;15;;;10008.0;6;10011.0;18;;;10000.0;0.0
0;33100;INTARIAN_PEPPER_ROOT;12027.0;10;12024.0;22;;;12043.0;20;;;;;12035.0;0.0
0;33200;ASH_COATED_OSMIUM;9992.0;11;;;;;10008.0;9;10011.0;22;;;10000.0;0.0
0;33200;INTARIAN_PEPPER_ROOT;12027.0;8;12024.0;12;;;12040.0;7;;;;;12033.5;0.0
0;33300;ASH_COATED_OSMIUM;;;;;;;10008.0;11;10011.0;21;;;10008.0;0.0
0;33300;INTARIAN_PEPPER_ROOT;12036.0;7;12027.0;6;12024.0;17;12040.0;7;;;;;12038.0;0.0
0;33400;ASH_COATED_OSMIUM;9993.0;8;;;;;10009.0;11;10011.0;17;;;10001.0;0.0
0;33400;INTARIAN_PEPPER_ROOT;12027.0;5;12024.0;17;;;12040.0;8;12043.0;18;;;12033.5;0.0
0;33500;ASH_COATED_OSMIUM;9993.0;11;9990.0;22;;;10011.0;21;;;;;10002.0;0.0
0;33500;INTARIAN_PEPPER_ROOT;12024.0;13;;;;;12040.0;6;;;;;12032.0;0.0
0;33600;ASH_COATED_OSMIUM;9993.0;9;9991.0;18;;;;;;;;;9993.0;0.0
0;33600;INTARIAN_PEPPER_ROOT;12027.0;6;;;;;12036.0;9;12040.0;8;12043.0;15;12031.5;0.0
0;33700;ASH_COATED_OSMIUM;9991.0;20;;;;;10009.0;9;10012.0;26;;;10000.0;0.0
0;33700;INTARIAN_PEPPER_ROOT;12027.0;8;12024.0;16;;;12040.0;8;12043.0;19;;;12033.5;0.0
0;33800;ASH_COATED_OSMIUM;9991.0;19;;;;;10010.0;10;10012.0;18;;;10000.5;0.0
0;33800;INTARIAN_PEPPER_ROOT;12027.0;4;12024.0;18;;;12040.0;8;12043.0;18;;;12033.5;0.0
0;33900;ASH_COATED_OSMIUM;9992.0;13;;;;;10010.0;10;10013.0;19;;;10001.0;0.0
0;33900;INTARIAN_PEPPER_ROOT;12027.0;9;;;;;12040.0;7;12043.0;14;;;12033.5;0.0
0;34000;ASH_COATED_OSMIUM;9994.0;8;9991.0;20;;;10010.0;9;;;;;10002.0;0.0
0;34000;INTARIAN_PEPPER_ROOT;12027.0;7;;;;;12041.0;6;12044.0;17;;;12034.0;0.0
0;34100;ASH_COATED_OSMIUM;9994.0;6;9991.0;25;;;10012.0;23;;;;;10003.0;0.0
0;34100;INTARIAN_PEPPER_ROOT;12028.0;9;12025.0;18;;;12041.0;11;;;;;12034.5;0.0
0;34200;ASH_COATED_OSMIUM;9993.0;12;;;;;10009.0;13;10011.0;17;;;10001.0;0.0
0;34200;INTARIAN_PEPPER_ROOT;12028.0;9;12025.0;12;;;12041.0;10;12044.0;14;;;12034.5;0.0
0;34300;ASH_COATED_OSMIUM;9993.0;7;9990.0;26;;;10009.0;9;10011.0;24;;;10001.0;0.0
0;34300;INTARIAN_PEPPER_ROOT;12025.0;17;;;;;12044.0;21;;;;;12034.5;0.0
0;34400;ASH_COATED_OSMIUM;9993.0;12;9990.0;19;;;10009.0;10;;;;;10001.0;0.0
0;34400;INTARIAN_PEPPER_ROOT;12028.0;7;12025.0;12;;;12041.0;8;;;;;12034.5;0.0
0;34500;ASH_COATED_OSMIUM;9993.0;12;9991.0;16;;;;;;;;;9993.0;0.0
0;34500;INTARIAN_PEPPER_ROOT;;;;;;;12041.0;7;12044.0;14;;;12041.0;0.0
0;34600;ASH_COATED_OSMIUM;9993.0;8;9991.0;16;;;10009.0;6;;;;;10001.0;0.0
0;34600;INTARIAN_PEPPER_ROOT;;;;;;;12041.0;11;;;;;12041.0;0.0
0;34700;ASH_COATED_OSMIUM;9993.0;14;;;;;10009.0;14;10011.0;24;;;10001.0;0.0
0;34700;INTARIAN_PEPPER_ROOT;12028.0;7;12025.0;14;;;12041.0;7;12044.0;14;;;12034.5;0.0
0;34800;ASH_COATED_OSMIUM;9993.0;15;9991.0;23;;;10009.0;12;;;;;10001.0;0.0
0;34800;INTARIAN_PEPPER_ROOT;12025.0;14;;;;;12041.0;6;12044.0;11;;;12033.0;0.0
0;34900;ASH_COATED_OSMIUM;9993.0;9;9991.0;20;;;10009.0;7;10012.0;20;;;10001.0;0.0
0;34900;INTARIAN_PEPPER_ROOT;12028.0;9;12025.0;18;;;12041.0;6;12044.0;15;;;12034.5;0.0
0;35000;ASH_COATED_OSMIUM;9993.0;10;9990.0;19;;;10009.0;12;10011.0;20;;;10001.0;0.0
0;35000;INTARIAN_PEPPER_ROOT;;;;;;;;;;;;;0.0;0.0
0;35100;ASH_COATED_OSMIUM;9991.0;15;;;;;10009.0;10;10012.0;16;;;10000.0;0.0
0;35100;INTARIAN_PEPPER_ROOT;12029.0;7;12026.0;22;;;12042.0;9;12045.0;20;;;12035.5;0.0
0;35200;ASH_COATED_OSMIUM;9993.0;11;9991.0;16;;;10009.0;11;10012.0;17;;;10001.0;0.0
0;35200;INTARIAN_PEPPER_ROOT;12026.0;11;;;;;12042.0;10;;;;;12034.0;0.0
0;35300;ASH_COATED_OSMIUM;9991.0;25;;;;;10009.0;12;10012.0;23;;;10000.0;0.0
0;35300;INTARIAN_PEPPER_ROOT;12026.0;19;;;;;12042.0;6;12045.0;22;;;12034.0;0.0
0;35400;ASH_COATED_OSMIUM;9991.0;22;;;;;10010.0;8;10012.0;22;;;10000.5;0.0
0;35400;INTARIAN_PEPPER_ROOT;12026.0;15;;;;;12045.0;13;;;;;12035.5;0.0
0;35500;ASH_COATED_OSMIUM;9993.0;10;9991.0;15;;;10009.0;10;10012.0;13;;;10001.0;0.0
0;35500;INTARIAN_PEPPER_ROOT;;;;;;;12042.0;7;12045.0;19;;;12042.0;0.0
0;35600;ASH_COATED_OSMIUM;9993.0;12;9991.0;14;;;10009.0;10;10012.0;15;;;10001.0;0.0
0;35600;INTARIAN_PEPPER_ROOT;12029.0;7;12026.0;17;;;12042.0;5;12045.0;14;;;12035.5;0.0
0;35700;ASH_COATED_OSMIUM;9993.0;9;;;;;10009.0;11;10012.0;18;;;10001.0;0.0
0;35700;INTARIAN_PEPPER_ROOT;12039.0;3;12029.0;8;12026.0;15;12045.0;19;;;;;12042.0;0.0
0;35800;ASH_COATED_OSMIUM;9993.0;7;9991.0;18;;;10009.0;7;;;;;10001.0;0.0
0;35800;INTARIAN_PEPPER_ROOT;;;;;;;12032.0;6;12042.0;8;12045.0;15;12032.0;0.0
0;35900;ASH_COATED_OSMIUM;9993.0;8;9991.0;12;;;10009.0;6;10012.0;18;;;10001.0;0.0
0;35900;INTARIAN_PEPPER_ROOT;12029.0;9;12026.0;16;;;12045.0;15;;;;;12037.0;0.0
0;36000;ASH_COATED_OSMIUM;9993.0;9;9991.0;20;;;10009.0;9;10012.0;16;;;10001.0;0.0
0;36000;INTARIAN_PEPPER_ROOT;12029.0;4;;;;;12043.0;8;12046.0;13;;;12036.0;0.0
0;36100;ASH_COATED_OSMIUM;9991.0;20;;;;;10009.0;12;10012.0;21;;;10000.0;0.0
0;36100;INTARIAN_PEPPER_ROOT;12039.0;4;12030.0;9;12027.0;18;12043.0;9;12046.0;15;;;12041.0;0.0
0;36200;ASH_COATED_OSMIUM;9993.0;10;9991.0;22;;;10009.0;11;;;;;10001.0;0.0
0;36200;INTARIAN_PEPPER_ROOT;12030.0;10;12027.0;12;;;12043.0;8;12046.0;12;;;12036.5;0.0
0;36300;ASH_COATED_OSMIUM;;;;;;;10011.0;14;;;;;10011.0;0.0
0;36300;INTARIAN_PEPPER_ROOT;12030.0;8;12027.0;13;;;;;;;;;12030.0;0.0
0;36400;ASH_COATED_OSMIUM;;;;;;;10008.0;8;10011.0;21;;;10008.0;0.0
0;36400;INTARIAN_PEPPER_ROOT;12030.0;7;;;;;12043.0;7;12046.0;18;;;12036.5;0.0
0;36500;ASH_COATED_OSMIUM;9992.0;13;9989.0;17;;;10010.0;18;;;;;10001.0;0.0
0;36500;INTARIAN_PEPPER_ROOT;12030.0;6;12027.0;15;;;12043.0;7;;;;;12036.5;0.0
0;36600;ASH_COATED_OSMIUM;9992.0;13;9989.0;19;;;10008.0;12;10010.0;17;;;10000.0;0.0
0;36600;INTARIAN_PEPPER_ROOT;12030.0;8;12027.0;18;;;12043.0;5;12046.0;15;;;12036.5;0.0
0;36700;ASH_COATED_OSMIUM;9992.0;9;9989.0;18;;;10008.0;10;;;;;10000.0;0.0
0;36700;INTARIAN_PEPPER_ROOT;12030.0;9;12027.0;15;;;12043.0;11;12046.0;16;;;12036.5;0.0
0;36800;ASH_COATED_OSMIUM;9992.0;11;;;;;10008.0;9;10010.0;16;;;10000.0;0.0
0;36800;INTARIAN_PEPPER_ROOT;12030.0;8;12027.0;11;;;12043.0;7;;;;;12036.5;0.0
0;36900;ASH_COATED_OSMIUM;9992.0;6;;;;;10008.0;11;10010.0;20;;;10000.0;0.0
0;36900;INTARIAN_PEPPER_ROOT;12030.0;8;;;;;12043.0;6;12046.0;14;;;12036.5;0.0
0;37000;ASH_COATED_OSMIUM;9992.0;10;9990.0;22;;;10008.0;11;10011.0;24;;;10000.0;0.0
0;37000;INTARIAN_PEPPER_ROOT;12030.0;7;;;;;12044.0;8;12047.0;17;;;12037.0;0.0
0;37100;ASH_COATED_OSMIUM;9992.0;13;9990.0;19;;;10008.0;13;10011.0;19;;;10000.0;0.0
0;37100;INTARIAN_PEPPER_ROOT;12028.0;21;;;;;12047.0;21;;;;;12037.5;0.0
0;37200;ASH_COATED_OSMIUM;9989.0;22;;;;;10008.0;12;10010.0;21;;;9998.5;0.0
0;37200;INTARIAN_PEPPER_ROOT;12031.0;8;;;;;12044.0;7;;;;;12037.5;0.0
0;37300;ASH_COATED_OSMIUM;9992.0;11;9989.0;19;;;10008.0;11;;;;;10000.0;0.0
0;37300;INTARIAN_PEPPER_ROOT;12031.0;10;12028.0;18;;;12047.0;15;;;;;12039.0;0.0
0;37400;ASH_COATED_OSMIUM;9990.0;16;;;;;10008.0;12;;;;;9999.0;0.0
0;37400;INTARIAN_PEPPER_ROOT;12031.0;10;12028.0;18;;;12044.0;9;12047.0;14;;;12037.5;0.0
0;37500;ASH_COATED_OSMIUM;9992.0;12;9990.0;15;;;10008.0;11;10011.0;18;;;10000.0;0.0
0;37500;INTARIAN_PEPPER_ROOT;12031.0;5;12028.0;18;;;12044.0;9;;;;;12037.5;0.0
0;37600;ASH_COATED_OSMIUM;9990.0;22;;;;;10008.0;9;10011.0;17;;;9999.0;0.0
0;37600;INTARIAN_PEPPER_ROOT;12028.0;18;;;;;12044.0;9;;;;;12036.0;0.0
0;37700;ASH_COATED_OSMIUM;9993.0;12;9990.0;15;;;10009.0;9;10011.0;18;;;10001.0;0.0
0;37700;INTARIAN_PEPPER_ROOT;12031.0;9;12028.0;14;;;12047.0;11;;;;;12039.0;0.0
0;37800;ASH_COATED_OSMIUM;10003.0;6;9993.0;7;9991.0;21;10009.0;8;10012.0;22;;;10006.0;0.0
0;37800;INTARIAN_PEPPER_ROOT;12031.0;7;12028.0;18;;;12044.0;6;12047.0;18;;;12037.5;0.0
0;37900;ASH_COATED_OSMIUM;9990.0;22;;;;;10008.0;9;10011.0;19;;;9999.0;0.0
0;37900;INTARIAN_PEPPER_ROOT;12031.0;7;12028.0;20;;;12044.0;6;;;;;12037.5;0.0
0;38000;ASH_COATED_OSMIUM;9993.0;12;9990.0;20;;;10009.0;13;10011.0;18;;;10001.0;0.0
0;38000;INTARIAN_PEPPER_ROOT;12031.0;8;12028.0;19;;;12045.0;9;12048.0;17;;;12038.0;0.0
0;38100;ASH_COATED_OSMIUM;9993.0;12;9990.0;23;;;10009.0;12;10011.0;25;;;10001.0;0.0
0;38100;INTARIAN_PEPPER_ROOT;12032.0;8;12029.0;19;;;12040.0;7;12045.0;10;;;12036.0;0.0
0;38200;ASH_COATED_OSMIUM;9993.0;9;9990.0;25;;;10009.0;10;;;;;10001.0;0.0
0;38200;INTARIAN_PEPPER_ROOT;12032.0;7;;;;;12045.0;6;;;;;12038.5;0.0
0;38300;ASH_COATED_OSMIUM;9993.0;11;9990.0;23;;;;;;;;;9993.0;0.0
0;38300;INTARIAN_PEPPER_ROOT;12032.0;7;12029.0;17;;;12045.0;8;12048.0;18;;;12038.5;0.0
0;38400;ASH_COATED_OSMIUM;9990.0;19;;;;;10009.0;9;;;;;9999.5;0.0
0;38400;INTARIAN_PEPPER_ROOT;12032.0;6;12029.0;18;;;12034.0;8;12045.0;8;12048.0;18;12033.0;0.0
0;38500;ASH_COATED_OSMIUM;9993.0;12;9991.0;16;;;10009.0;9;;;;;10001.0;0.0
0;38500;INTARIAN_PEPPER_ROOT;12032.0;8;12029.0;13;;;12045.0;8;12048.0;12;;;12038.5;0.0
0;38600;ASH_COATED_OSMIUM;9990.0;23;;;;;10009.0;10;;;;;9999.5;0.0
0;38600;INTARIAN_PEPPER_ROOT;12032.0;7;12029.0;20;;;12045.0;7;12048.0;18;;;12038.5;0.0
0;38700;ASH_COATED_OSMIUM;9992.0;8;9990.0;21;;;10008.0;8;10011.0;20;;;10000.0;0.0
0;38700;INTARIAN_PEPPER_ROOT;12029.0;12;;;;;12045.0;9;12048.0;14;;;12037.0;0.0
0;38800;ASH_COATED_OSMIUM;9990.0;18;;;;;10011.0;13;;;;;10000.5;0.0
0;38800;INTARIAN_PEPPER_ROOT;12029.0;16;;;;;12045.0;6;12048.0;13;;;12037.0;0.0
0;38900;ASH_COATED_OSMIUM;9990.0;18;;;;;10011.0;17;;;;;10000.5;0.0
0;38900;INTARIAN_PEPPER_ROOT;12032.0;7;12029.0;13;;;;;;;;;12032.0;0.0
0;39000;ASH_COATED_OSMIUM;9992.0;8;9990.0;21;;;10011.0;20;;;;;10001.5;0.0
0;39000;INTARIAN_PEPPER_ROOT;12032.0;7;;;;;;;;;;;12032.0;0.0
0;39100;ASH_COATED_OSMIUM;;;;;;;10009.0;9;10011.0;18;;;10009.0;0.0
0;39100;INTARIAN_PEPPER_ROOT;12033.0;10;12030.0;19;;;12046.0;9;12049.0;16;;;12039.5;0.0
0;39200;ASH_COATED_OSMIUM;9993.0;11;9990.0;15;;;10011.0;16;;;;;10002.0;0.0
0;39200;INTARIAN_PEPPER_ROOT;12033.0;9;12030.0;21;;;12046.0;9;12049.0;17;;;12039.5;0.0
0;39300;ASH_COATED_OSMIUM;9993.0;7;9990.0;17;;;10009.0;12;10011.0;16;;;10001.0;0.0
0;39300;INTARIAN_PEPPER_ROOT;12033.0;7;12030.0;18;;;12046.0;8;12049.0;15;;;12039.5;0.0
0;39400;ASH_COATED_OSMIUM;9993.0;11;9990.0;18;;;10009.0;13;;;;;10001.0;0.0
0;39400;INTARIAN_PEPPER_ROOT;12033.0;5;12030.0;21;;;;;;;;;12033.0;0.0
0;39500;ASH_COATED_OSMIUM;;;;;;;10009.0;10;10012.0;18;;;10009.0;0.0
0;39500;INTARIAN_PEPPER_ROOT;12033.0;9;12030.0;19;;;12046.0;9;;;;;12039.5;0.0
0;39600;ASH_COATED_OSMIUM;9993.0;13;;;;;10009.0;11;10012.0;24;;;10001.0;0.0
0;39600;INTARIAN_PEPPER_ROOT;12033.0;8;12030.0;21;;;12046.0;5;12049.0;22;;;12039.5;0.0
0;39700;ASH_COATED_OSMIUM;9991.0;17;;;;;10009.0;11;10012.0;17;;;10000.0;0.0
0;39700;INTARIAN_PEPPER_ROOT;12033.0;6;12030.0;11;;;12046.0;8;12049.0;13;;;12039.5;0.0
0;39800;ASH_COATED_OSMIUM;9994.0;8;;;;;10012.0;26;;;;;10003.0;0.0
0;39800;INTARIAN_PEPPER_ROOT;12033.0;10;12030.0;20;;;12046.0;8;12049.0;13;;;12039.5;0.0
0;39900;ASH_COATED_OSMIUM;9994.0;10;9991.0;18;;;10010.0;10;10012.0;20;;;10002.0;0.0
0;39900;INTARIAN_PEPPER_ROOT;12033.0;8;;;;;12046.0;9;12049.0;21;;;12039.5;0.0
0;40000;ASH_COATED_OSMIUM;9991.0;23;;;;;10009.0;11;10012.0;17;;;10000.0;0.0
0;40000;INTARIAN_PEPPER_ROOT;12033.0;8;12030.0;15;;;12047.0;7;12050.0;18;;;12040.0;0.0
0;40100;ASH_COATED_OSMIUM;9991.0;23;;;;;10010.0;11;10012.0;25;;;10000.5;0.0
0;40100;INTARIAN_PEPPER_ROOT;12031.0;13;;;;;12047.0;11;12050.0;12;;;12039.0;0.0
0;40200;ASH_COATED_OSMIUM;9994.0;12;9991.0;14;;;10010.0;9;10012.0;17;;;10002.0;0.0
0;40200;INTARIAN_PEPPER_ROOT;12034.0;7;12031.0;15;;;12047.0;6;12050.0;15;;;12040.5;0.0
0;40300;ASH_COATED_OSMIUM;9994.0;8;;;;;10010.0;5;10012.0;24;;;10002.0;0.0
0;40300;INTARIAN_PEPPER_ROOT;12031.0;19;;;;;12047.0;8;;;;;12039.0;0.0
0;40400;ASH_COATED_OSMIUM;9993.0;9;9991.0;17;;;10009.0;8;;;;;10001.0;0.0
0;40400;INTARIAN_PEPPER_ROOT;12037.0;7;12031.0;18;;;12047.0;8;12050.0;16;;;12042.0;0.0
0;40500;ASH_COATED_OSMIUM;;;;;;;10009.0;13;10011.0;16;;;10009.0;0.0
0;40500;INTARIAN_PEPPER_ROOT;12034.0;8;12031.0;15;;;;;;;;;12034.0;0.0
0;40600;ASH_COATED_OSMIUM;9993.0;8;9990.0;22;;;10009.0;13;10011.0;21;;;10001.0;0.0
0;40600;INTARIAN_PEPPER_ROOT;12034.0;10;12031.0;15;;;12047.0;8;12050.0;14;;;12040.5;0.0
0;40700;ASH_COATED_OSMIUM;9993.0;9;;;;;10009.0;6;10011.0;16;;;10001.0;0.0
0;40700;INTARIAN_PEPPER_ROOT;12034.0;6;;;;;12047.0;7;12050.0;12;;;12040.5;0.0
0;40800;ASH_COATED_OSMIUM;9993.0;10;9990.0;19;;;10009.0;9;10011.0;22;;;10001.0;0.0
0;40800;INTARIAN_PEPPER_ROOT;12034.0;9;12031.0;16;;;12047.0;8;12050.0;21;;;12040.5;0.0
0;40900;ASH_COATED_OSMIUM;9990.0;16;;;;;10011.0;16;;;;;10000.5;0.0
0;40900;INTARIAN_PEPPER_ROOT;12034.0;6;;;;;12047.0;4;12050.0;11;;;12040.5;0.0
0;41000;ASH_COATED_OSMIUM;9993.0;12;9990.0;22;;;10009.0;10;;;;;10001.0;0.0
0;41000;INTARIAN_PEPPER_ROOT;12034.0;8;12031.0;17;;;12048.0;9;12051.0;20;;;12041.0;0.0
0;41100;ASH_COATED_OSMIUM;9990.0;17;;;;;10009.0;12;10011.0;20;;;9999.5;0.0
0;41100;INTARIAN_PEPPER_ROOT;12035.0;6;12032.0;14;;;12048.0;8;;;;;12041.5;0.0
0;41200;ASH_COATED_OSMIUM;9990.0;19;;;;;10008.0;11;10011.0;23;;;9999.0;0.0
0;41200;INTARIAN_PEPPER_ROOT;12035.0;5;12032.0;15;;;12051.0;10;;;;;12043.0;0.0
0;41300;ASH_COATED_OSMIUM;;;;;;;;;;;;;0.0;0.0
0;41300;INTARIAN_PEPPER_ROOT;12035.0;4;;;;;12048.0;5;12051.0;22;;;12041.5;0.0
0;41400;ASH_COATED_OSMIUM;9993.0;12;9990.0;18;;;10009.0;14;10011.0;21;;;10001.0;0.0
0;41400;INTARIAN_PEPPER_ROOT;12035.0;7;12032.0;18;;;12051.0;19;;;;;12043.0;0.0
0;41500;ASH_COATED_OSMIUM;9993.0;12;9990.0;19;;;10009.0;9;;;;;10001.0;0.0
0;41500;INTARIAN_PEPPER_ROOT;;;;;;;12048.0;7;12051.0;18;;;12048.0;0.0
0;41600;ASH_COATED_OSMIUM;9992.0;6;9990.0;19;;;10008.0;8;10011.0;21;;;10000.0;0.0
0;41600;INTARIAN_PEPPER_ROOT;12035.0;8;12032.0;15;;;12048.0;8;12051.0;15;;;12041.5;0.0
0;41700;ASH_COATED_OSMIUM;9992.0;10;9990.0;18;;;10008.0;10;10011.0;18;;;10000.0;0.0
0;41700;INTARIAN_PEPPER_ROOT;12045.0;5;12035.0;9;12032.0;17;12051.0;20;;;;;12048.0;0.0
0;41800;ASH_COATED_OSMIUM;10001.0;5;9992.0;9;9989.0;19;10008.0;10;10010.0;18;;;10004.5;0.0
0;41800;INTARIAN_PEPPER_ROOT;12035.0;11;;;;;12051.0;17;;;;;12043.0;0.0
0;41900;ASH_COATED_OSMIUM;9993.0;10;9990.0;18;;;10009.0;9;10011.0;19;;;10001.0;0.0
0;41900;INTARIAN_PEPPER_ROOT;12035.0;9;;;;;12048.0;10;12051.0;17;;;12041.5;0.0
0;42000;ASH_COATED_OSMIUM;9993.0;8;9990.0;25;;;10009.0;9;10011.0;23;;;10001.0;0.0
0;42000;INTARIAN_PEPPER_ROOT;12035.0;6;12032.0;20;;;12044.0;9;12049.0;6;;;12039.5;0.0
0;42100;ASH_COATED_OSMIUM;9993.0;11;9990.0;18;;;10011.0;17;;;;;10002.0;0.0
0;42100;INTARIAN_PEPPER_ROOT;12036.0;11;12033.0;14;;;12049.0;11;12052.0;14;;;12042.5;0.0
0;42200;ASH_COATED_OSMIUM;9990.0;16;;;;;10008.0;11;10011.0;16;;;9999.0;0.0
0;42200;INTARIAN_PEPPER_ROOT;12033.0;19;;;;;12049.0;5;;;;;12041.0;0.0
0;42300;ASH_COATED_OSMIUM;9993.0;9;9990.0;16;;;10009.0;12;10011.0;16;;;10001.0;0.0
0;42300;INTARIAN_PEPPER_ROOT;;;;;;;12052.0;14;;;;;12052.0;0.0
0;42400;ASH_COATED_OSMIUM;9990.0;23;;;;;10009.0;8;10011.0;25;;;9999.5;0.0
0;42400;INTARIAN_PEPPER_ROOT;12036.0;9;;;;;12049.0;11;12052.0;21;;;12042.5;0.0
0;42500;ASH_COATED_OSMIUM;9999.0;1;9993.0;10;9991.0;21;10012.0;21;;;;;10005.5;0.0
0;42500;INTARIAN_PEPPER_ROOT;12036.0;8;12033.0;22;;;12049.0;8;12052.0;22;;;12042.5;0.0
0;42600;ASH_COATED_OSMIUM;9991.0;19;;;;;10009.0;10;10012.0;22;;;10000.0;0.0
0;42600;INTARIAN_PEPPER_ROOT;12036.0;7;12033.0;21;;;12049.0;9;12052.0;21;;;12042.5;0.0
0;42700;ASH_COATED_OSMIUM;9994.0;10;9991.0;19;;;10010.0;8;;;;;10002.0;0.0
0;42700;INTARIAN_PEPPER_ROOT;12036.0;7;12033.0;16;;;12049.0;6;12052.0;12;;;12042.5;0.0
0;42800;ASH_COATED_OSMIUM;9994.0;12;9991.0;15;;;10012.0;18;;;;;10003.0;0.0
0;42800;INTARIAN_PEPPER_ROOT;12036.0;8;12033.0;15;;;12049.0;8;12052.0;20;;;12042.5;0.0
0;42900;ASH_COATED_OSMIUM;9993.0;7;9991.0;17;;;10012.0;20;;;;;10002.5;0.0
0;42900;INTARIAN_PEPPER_ROOT;12036.0;9;12033.0;15;;;12052.0;19;;;;;12044.0;0.0
0;43000;ASH_COATED_OSMIUM;9991.0;26;;;;;10003.0;3;10009.0;10;10012.0;24;9997.0;0.0
0;43000;INTARIAN_PEPPER_ROOT;12036.0;8;12033.0;12;;;12039.0;5;12050.0;7;12053.0;13;12037.5;0.0
0;43100;ASH_COATED_OSMIUM;9993.0;10;9991.0;17;;;10009.0;10;;;;;10001.0;0.0
0;43100;INTARIAN_PEPPER_ROOT;12034.0;19;;;;;12053.0;20;;;;;12043.5;0.0
0;43200;ASH_COATED_OSMIUM;9993.0;8;9991.0;19;;;10012.0;19;;;;;10002.5;0.0
0;43200;INTARIAN_PEPPER_ROOT;12037.0;11;12034.0;21;;;12050.0;9;12053.0;21;;;12043.5;0.0
0;43300;ASH_COATED_OSMIUM;9993.0;8;9990.0;25;;;10009.0;9;10011.0;24;;;10001.0;0.0
0;43300;INTARIAN_PEPPER_ROOT;;;;;;;12050.0;7;;;;;12050.0;0.0
0;43400;ASH_COATED_OSMIUM;;;;;;;10009.0;9;10012.0;21;;;10009.0;0.0
0;43400;INTARIAN_PEPPER_ROOT;12037.0;8;12034.0;14;;;12050.0;7;12053.0;18;;;12043.5;0.0
0;43500;ASH_COATED_OSMIUM;9993.0;9;9991.0;18;;;10009.0;10;10012.0;21;;;10001.0;0.0
0;43500;INTARIAN_PEPPER_ROOT;12037.0;9;12034.0;14;;;12050.0;7;;;;;12043.5;0.0
0;43600;ASH_COATED_OSMIUM;9993.0;13;9990.0;17;;;10011.0;22;;;;;10002.0;0.0
0;43600;INTARIAN_PEPPER_ROOT;12037.0;10;12034.0;13;;;12050.0;10;12053.0;13;;;12043.5;0.0
0;43700;ASH_COATED_OSMIUM;9993.0;7;;;;;10011.0;21;;;;;10002.0;0.0
0;43700;INTARIAN_PEPPER_ROOT;12037.0;8;12034.0;17;;;12050.0;6;12053.0;18;;;12043.5;0.0
0;43800;ASH_COATED_OSMIUM;9993.0;11;9990.0;24;;;10011.0;25;;;;;10002.0;0.0
0;43800;INTARIAN_PEPPER_ROOT;12034.0;16;;;;;12050.0;9;12053.0;16;;;12042.0;0.0
0;43900;ASH_COATED_OSMIUM;9993.0;12;9991.0;22;;;10009.0;11;10012.0;22;;;10001.0;0.0
0;43900;INTARIAN_PEPPER_ROOT;12037.0;6;12034.0;12;;;12053.0;17;;;;;12045.0;0.0
0;44000;ASH_COATED_OSMIUM;9993.0;9;9990.0;19;;;10009.0;7;10011.0;17;;;10001.0;0.0
0;44000;INTARIAN_PEPPER_ROOT;12037.0;7;12034.0;20;;;12051.0;6;12054.0;18;;;12044.0;0.0
0;44100;ASH_COATED_OSMIUM;9993.0;9;9990.0;22;;;10009.0;8;10011.0;22;;;10001.0;0.0
0;44100;INTARIAN_PEPPER_ROOT;12038.0;9;12035.0;12;;;12051.0;6;12054.0;14;;;12044.5;0.0
0;44200;ASH_COATED_OSMIUM;9993.0;8;9990.0;18;;;10009.0;11;10011.0;16;;;10001.0;0.0
0;44200;INTARIAN_PEPPER_ROOT;12038.0;8;12035.0;16;;;12054.0;12;;;;;12046.0;0.0
0;44300;ASH_COATED_OSMIUM;9993.0;9;9991.0;20;;;10009.0;8;;;;;10001.0;0.0
0;44300;INTARIAN_PEPPER_ROOT;12038.0;10;12035.0;19;;;12051.0;9;;;;;12044.5;0.0
0;44400;ASH_COATED_OSMIUM;9993.0;10;9991.0;18;;;10009.0;7;10012.0;24;;;10001.0;0.0
0;44400;INTARIAN_PEPPER_ROOT;;;;;;;12054.0;14;;;;;12054.0;0.0
0;44500;ASH_COATED_OSMIUM;9991.0;23;;;;;10010.0;7;10012.0;25;;;10000.5;0.0
0;44500;INTARIAN_PEPPER_ROOT;12035.0;20;;;;;12051.0;7;12054.0;20;;;12043.0;0.0
0;44600;ASH_COATED_OSMIUM;9993.0;12;9991.0;23;;;10009.0;12;10012.0;24;;;10001.0;0.0
0;44600;INTARIAN_PEPPER_ROOT;12038.0;5;12035.0;17;;;12051.0;8;12054.0;20;;;12044.5;0.0
0;44700;ASH_COATED_OSMIUM;9993.0;10;9991.0;23;;;10009.0;9;;;;;10001.0;0.0
0;44700;INTARIAN_PEPPER_ROOT;12035.0;16;;;;;12041.0;6;12051.0;7;12054.0;17;12038.0;0.0
0;44800;ASH_COATED_OSMIUM;9993.0;10;9991.0;18;;;10009.0;9;10012.0;20;;;10001.0;0.0
0;44800;INTARIAN_PEPPER_ROOT;12038.0;7;;;;;12051.0;6;;;;;12044.5;0.0
0;44900;ASH_COATED_OSMIUM;9990.0;22;;;;;10009.0;10;10011.0;20;;;9999.5;0.0
0;44900;INTARIAN_PEPPER_ROOT;12035.0;15;;;;;12051.0;10;;;;;12043.0;0.0
0;45000;ASH_COATED_OSMIUM;;;;;;;10008.0;11;10011.0;18;;;10008.0;0.0
0;45000;INTARIAN_PEPPER_ROOT;12038.0;11;12035.0;19;;;12055.0;16;;;;;12046.5;0.0
0;45100;ASH_COATED_OSMIUM;9992.0;10;9990.0;17;;;10008.0;8;;;;;10000.0;0.0
0;45100;INTARIAN_PEPPER_ROOT;12039.0;10;;;;;;;;;;;12039.0;0.0
0;45200;ASH_COATED_OSMIUM;9992.0;7;9990.0;26;;;9998.0;4;10008.0;8;10011.0;27;9995.0;0.0
0;45200;INTARIAN_PEPPER_ROOT;12039.0;9;12036.0;13;;;;;;;;;12039.0;0.0
0;45300;ASH_COATED_OSMIUM;9992.0;9;9990.0;18;;;10008.0;11;10011.0;24;;;10000.0;0.0
0;45300;INTARIAN_PEPPER_ROOT;12039.0;9;;;;;12052.0;9;12055.0;13;;;12045.5;0.0
0;45400;ASH_COATED_OSMIUM;9992.0;9;;;;;10011.0;17;;;;;10001.5;0.0
0;45400;INTARIAN_PEPPER_ROOT;;;;;;;12052.0;11;;;;;12052.0;0.0
0;45500;ASH_COATED_OSMIUM;9992.0;9;9990.0;22;;;10008.0;10;10011.0;23;;;10000.0;0.0
0;45500;INTARIAN_PEPPER_ROOT;12036.0;19;;;;;12055.0;18;;;;;12045.5;0.0
0;45600;ASH_COATED_OSMIUM;9989.0;19;;;;;10008.0;12;10010.0;19;;;9998.5;0.0
0;45600;INTARIAN_PEPPER_ROOT;12039.0;7;12036.0;19;;;12052.0;6;12055.0;15;;;12045.5;0.0
0;45700;ASH_COATED_OSMIUM;9992.0;10;;;;;10008.0;9;10011.0;23;;;10000.0;0.0
0;45700;INTARIAN_PEPPER_ROOT;12039.0;7;12036.0;20;;;12052.0;5;12055.0;19;;;12045.5;0.0
0;45800;ASH_COATED_OSMIUM;9991.0;12;9989.0;21;;;10007.0;12;10010.0;19;;;9999.0;0.0
0;45800;INTARIAN_PEPPER_ROOT;12039.0;3;12036.0;14;;;12052.0;4;;;;;12045.5;0.0
0;45900;ASH_COATED_OSMIUM;9992.0;11;;;;;10008.0;10;10010.0;23;;;10000.0;0.0
0;45900;INTARIAN_PEPPER_ROOT;12036.0;11;;;;;12052.0;6;;;;;12044.0;0.0
0;46000;ASH_COATED_OSMIUM;9991.0;10;9989.0;25;;;10010.0;23;;;;;10000.5;0.0
0;46000;INTARIAN_PEPPER_ROOT;12039.0;10;12036.0;19;;;12053.0;8;12056.0;16;;;12046.0;0.0
0;46100;ASH_COATED_OSMIUM;9989.0;18;;;;;10007.0;7;10010.0;19;;;9998.0;0.0
0;46100;INTARIAN_PEPPER_ROOT;12037.0;14;;;;;12053.0;7;12056.0;22;;;12045.0;0.0
0;46200;ASH_COATED_OSMIUM;9992.0;10;9989.0;14;;;10008.0;8;;;;;10000.0;0.0
0;46200;INTARIAN_PEPPER_ROOT;12040.0;3;12037.0;17;;;12053.0;6;12056.0;19;;;12046.5;0.0
0;46300;ASH_COATED_OSMIUM;9992.0;8;9989.0;21;;;10001.0;2;10008.0;10;10010.0;22;9996.5;0.0
0;46300;INTARIAN_PEPPER_ROOT;12040.0;8;12037.0;17;;;12053.0;9;;;;;12046.5;0.0
0;46400;ASH_COATED_OSMIUM;9992.0;11;;;;;10008.0;12;10010.0;19;;;10000.0;0.0
0;46400;INTARIAN_PEPPER_ROOT;12040.0;7;12037.0;13;;;12056.0;15;;;;;12048.0;0.0
0;46500;ASH_COATED_OSMIUM;10001.0;6;9992.0;9;9989.0;15;10008.0;13;10010.0;16;;;10004.5;0.0
0;46500;INTARIAN_PEPPER_ROOT;12040.0;8;12037.0;12;;;12053.0;8;12056.0;17;;;12046.5;0.0
0;46600;ASH_COATED_OSMIUM;9991.0;10;;;;;10007.0;8;;;;;9999.0;0.0
0;46600;INTARIAN_PEPPER_ROOT;12040.0;7;12037.0;19;;;12053.0;8;;;;;12046.5;0.0
0;46700;ASH_COATED_OSMIUM;9991.0;12;9989.0;23;;;10007.0;12;10010.0;27;;;9999.0;0.0
0;46700;INTARIAN_PEPPER_ROOT;12040.0;6;12037.0;18;;;12053.0;6;12056.0;11;;;12046.5;0.0
0;46800;ASH_COATED_OSMIUM;9991.0;11;9988.0;22;;;10007.0;9;10009.0;24;;;9999.0;0.0
0;46800;INTARIAN_PEPPER_ROOT;12040.0;10;;;;;12053.0;8;;;;;12046.5;0.0
0;46900;ASH_COATED_OSMIUM;9991.0;10;9989.0;24;;;;;;;;;9991.0;0.0
0;46900;INTARIAN_PEPPER_ROOT;12040.0;5;;;;;12053.0;8;;;;;12046.5;0.0
0;47000;ASH_COATED_OSMIUM;9991.0;13;9989.0;20;;;10001.0;2;10007.0;13;;;9996.0;0.0
0;47000;INTARIAN_PEPPER_ROOT;12040.0;6;12037.0;16;;;12054.0;8;12057.0;17;;;12047.0;0.0
0;47100;ASH_COATED_OSMIUM;9997.0;3;9992.0;13;9989.0;19;10008.0;14;10010.0;22;;;10002.5;0.0
0;47100;INTARIAN_PEPPER_ROOT;12041.0;9;;;;;12057.0;17;;;;;12049.0;0.0
0;47200;ASH_COATED_OSMIUM;9991.0;8;9989.0;19;;;10007.0;8;10010.0;18;;;9999.0;0.0
0;47200;INTARIAN_PEPPER_ROOT;12041.0;6;12038.0;13;;;12054.0;8;;;;;12047.5;0.0
0;47300;ASH_COATED_OSMIUM;9996.0;2;9988.0;26;;;10007.0;12;10009.0;19;;;10001.5;0.0
0;47300;INTARIAN_PEPPER_ROOT;12041.0;11;12038.0;13;;;12054.0;7;12057.0;13;;;12047.5;0.0
0;47400;ASH_COATED_OSMIUM;9991.0;9;;;;;10007.0;9;10009.0;24;;;9999.0;0.0
0;47400;INTARIAN_PEPPER_ROOT;12038.0;19;;;;;12054.0;9;12057.0;19;;;12046.0;0.0
0;47500;ASH_COATED_OSMIUM;9990.0;9;9987.0;12;;;10006.0;9;10008.0;14;;;9998.0;0.0
0;47500;INTARIAN_PEPPER_ROOT;12041.0;9;12038.0;16;;;12057.0;13;;;;;12049.0;0.0
0;47600;ASH_COATED_OSMIUM;9990.0;10;9988.0;20;;;10006.0;10;;;;;9998.0;0.0
0;47600;INTARIAN_PEPPER_ROOT;12041.0;9;12038.0;12;;;12057.0;15;;;;;12049.0;0.0
0;47700;ASH_COATED_OSMIUM;9990.0;7;9988.0;17;;;10006.0;8;10009.0;18;;;9998.0;0.0
0;47700;INTARIAN_PEPPER_ROOT;12041.0;7;12038.0;20;;;12057.0;22;;;;;12049.0;0.0
0;47800;ASH_COATED_OSMIUM;9990.0;10;9988.0;25;;;10006.0;13;;;;;9998.0;0.0
0;47800;INTARIAN_PEPPER_ROOT;12041.0;7;12038.0;15;;;12054.0;4;;;;;12047.5;0.0
0;47900;ASH_COATED_OSMIUM;9990.0;10;9988.0;21;;;10009.0;19;;;;;9999.5;0.0
0;47900;INTARIAN_PEPPER_ROOT;12041.0;5;12038.0;14;;;12054.0;7;;;;;12047.5;0.0
0;48000;ASH_COATED_OSMIUM;9990.0;12;9988.0;21;;;10006.0;9;;;;;9998.0;0.0
0;48000;INTARIAN_PEPPER_ROOT;12041.0;5;12038.0;13;;;12055.0;7;12058.0;16;;;12048.0;0.0
0;48100;ASH_COATED_OSMIUM;9990.0;10;9988.0;16;;;10006.0;9;10009.0;12;;;9998.0;0.0
0;48100;INTARIAN_PEPPER_ROOT;12051.0;5;12042.0;8;12039.0;22;12055.0;7;12058.0;22;;;12053.0;0.0
0;48200;ASH_COATED_OSMIUM;9988.0;20;;;;;10006.0;10;10009.0;18;;;9997.0;0.0
0;48200;INTARIAN_PEPPER_ROOT;12042.0;10;12039.0;16;;;12055.0;8;12058.0;13;;;12048.5;0.0
0;48300;ASH_COATED_OSMIUM;9990.0;9;9988.0;20;;;10006.0;9;;;;;9998.0;0.0
0;48300;INTARIAN_PEPPER_ROOT;12042.0;7;;;;;12055.0;6;12058.0;15;;;12048.5;0.0
0;48400;ASH_COATED_OSMIUM;9988.0;19;;;;;10009.0;19;;;;;9998.5;0.0
0;48400;INTARIAN_PEPPER_ROOT;12042.0;6;12039.0;19;;;12055.0;8;;;;;12048.5;0.0
0;48500;ASH_COATED_OSMIUM;9990.0;14;9988.0;23;;;10006.0;12;10009.0;25;;;9998.0;0.0
0;48500;INTARIAN_PEPPER_ROOT;12042.0;6;12039.0;14;;;12055.0;6;12058.0;11;;;12048.5;0.0
0;48600;ASH_COATED_OSMIUM;9990.0;9;9988.0;18;;;10006.0;9;10009.0;20;;;9998.0;0.0
0;48600;INTARIAN_PEPPER_ROOT;12042.0;9;12039.0;17;;;12055.0;7;;;;;12048.5;0.0
0;48700;ASH_COATED_OSMIUM;9990.0;8;9988.0;17;;;10009.0;26;;;;;9999.5;0.0
0;48700;INTARIAN_PEPPER_ROOT;12039.0;16;;;;;12055.0;10;;;;;12047.0;0.0
0;48800;ASH_COATED_OSMIUM;9990.0;13;;;;;10006.0;11;10009.0;14;;;9998.0;0.0
0;48800;INTARIAN_PEPPER_ROOT;;;;;;;12055.0;7;12058.0;14;;;12055.0;0.0
0;48900;ASH_COATED_OSMIUM;9991.0;10;9988.0;20;;;10007.0;8;10009.0;20;;;9999.0;0.0
0;48900;INTARIAN_PEPPER_ROOT;12042.0;6;12039.0;18;;;12055.0;4;;;;;12048.5;0.0
0;49000;ASH_COATED_OSMIUM;9991.0;10;;;;;10007.0;13;10009.0;18;;;9999.0;0.0
0;49000;INTARIAN_PEPPER_ROOT;12042.0;9;12039.0;12;;;12056.0;8;;;;;12049.0;0.0
0;49100;ASH_COATED_OSMIUM;9991.0;9;;;;;10007.0;11;;;;;9999.0;0.0
0;49100;INTARIAN_PEPPER_ROOT;12043.0;10;12040.0;14;;;12056.0;8;12059.0;14;;;12049.5;0.0
0;49200;ASH_COATED_OSMIUM;;;;;;;10009.0;24;;;;;10009.0;0.0
0;49200;INTARIAN_PEPPER_ROOT;12043.0;6;12040.0;13;;;12056.0;7;;;;;12049.5;0.0
0;49300;ASH_COATED_OSMIUM;9990.0;9;9987.0;22;;;10006.0;9;10008.0;25;;;9998.0;0.0
0;49300;INTARIAN_PEPPER_ROOT;12043.0;8;12040.0;15;;;12059.0;14;;;;;12051.0;0.0
0;49400;ASH_COATED_OSMIUM;9999.0;5;9990.0;12;9987.0;17;10006.0;12;10008.0;19;;;10002.5;0.0
0;49400;INTARIAN_PEPPER_ROOT;12040.0;20;;;;;12056.0;7;12059.0;18;;;12048.0;0.0
0;49500;ASH_COATED_OSMIUM;9990.0;7;9987.0;20;;;10008.0;16;;;;;9999.0;0.0
0;49500;INTARIAN_PEPPER_ROOT;12043.0;8;12040.0;17;;;12056.0;11;12059.0;13;;;12049.5;0.0
0;49600;ASH_COATED_OSMIUM;9988.0;18;;;;;10006.0;10;10009.0;14;;;9997.0;0.0
0;49600;INTARIAN_PEPPER_ROOT;12043.0;5;12040.0;14;;;12056.0;7;12059.0;13;;;12049.5;0.0
0;49700;ASH_COATED_OSMIUM;9990.0;11;9988.0;27;;;10006.0;11;10009.0;19;;;9998.0;0.0
0;49700;INTARIAN_PEPPER_ROOT;12043.0;6;12040.0;16;;;12056.0;7;12059.0;15;;;12049.5;0.0
0;49800;ASH_COATED_OSMIUM;9991.0;11;9988.0;18;;;10007.0;10;10009.0;14;;;9999.0;0.0
0;49800;INTARIAN_PEPPER_ROOT;12043.0;7;12040.0;17;;;12056.0;7;12059.0;18;;;12049.5;0.0
0;49900;ASH_COATED_OSMIUM;9991.0;8;9989.0;22;;;10010.0;19;;;;;10000.5;0.0
0;49900;INTARIAN_PEPPER_ROOT;12043.0;7;12040.0;14;;;;;;;;;12043.0;0.0
0;50000;ASH_COATED_OSMIUM;9991.0;9;9988.0;19;;;10007.0;14;10009.0;15;;;9999.0;0.0
0;50000;INTARIAN_PEPPER_ROOT;12043.0;9;12040.0;13;;;12057.0;9;;;;;12050.0;0.0
0;50100;ASH_COATED_OSMIUM;9991.0;7;9988.0;20;;;10007.0;8;10009.0;21;;;9999.0;0.0
0;50100;INTARIAN_PEPPER_ROOT;12044.0;9;12041.0;12;;;12060.0;12;;;;;12052.0;0.0
0;50200;ASH_COATED_OSMIUM;9991.0;6;9988.0;18;;;10009.0;19;;;;;10000.0;0.0
0;50200;INTARIAN_PEPPER_ROOT;12044.0;7;;;;;12060.0;16;;;;;12052.0;0.0
0;50300;ASH_COATED_OSMIUM;9990.0;10;9988.0;20;;;10009.0;21;;;;;9999.5;0.0
0;50300;INTARIAN_PEPPER_ROOT;12041.0;16;;;;;12057.0;7;12060.0;15;;;12049.0;0.0
0;50400;ASH_COATED_OSMIUM;9991.0;10;9988.0;17;;;10007.0;11;10009.0;12;;;9999.0;0.0
0;50400;INTARIAN_PEPPER_ROOT;12044.0;9;12041.0;17;;;12060.0;16;;;;;12052.0;0.0
0;50500;ASH_COATED_OSMIUM;9990.0;8;9988.0;15;;;10006.0;8;10009.0;16;;;9998.0;0.0
0;50500;INTARIAN_PEPPER_ROOT;12044.0;6;12041.0;20;;;12057.0;8;12060.0;16;;;12050.5;0.0
0;50600;ASH_COATED_OSMIUM;9990.0;11;9988.0;19;;;10006.0;12;10009.0;19;;;9998.0;0.0
0;50600;INTARIAN_PEPPER_ROOT;12041.0;12;;;;;12060.0;13;;;;;12050.5;0.0
0;50700;ASH_COATED_OSMIUM;9990.0;9;9988.0;16;;;10006.0;9;10009.0;15;;;9998.0;0.0
0;50700;INTARIAN_PEPPER_ROOT;12044.0;7;12041.0;12;;;12057.0;7;12060.0;12;;;12050.5;0.0
0;50800;ASH_COATED_OSMIUM;9990.0;13;;;;;10006.0;12;10009.0;23;;;9998.0;0.0
0;50800;INTARIAN_PEPPER_ROOT;12044.0;11;12041.0;13;;;12057.0;11;12060.0;12;;;12050.5;0.0
0;50900;ASH_COATED_OSMIUM;9990.0;10;9988.0;19;;;10009.0;19;;;;;9999.5;0.0
0;50900;INTARIAN_PEPPER_ROOT;12044.0;7;12041.0;15;;;12057.0;8;12060.0;14;;;12050.5;0.0
0;51000;ASH_COATED_OSMIUM;9987.0;24;;;;;10006.0;9;10008.0;22;;;9996.5;0.0
0;51000;INTARIAN_PEPPER_ROOT;12044.0;8;12041.0;14;;;12058.0;6;12061.0;18;;;12051.0;0.0
0;51100;ASH_COATED_OSMIUM;9990.0;7;9988.0;21;;;10006.0;9;;;;;9998.0;0.0
0;51100;INTARIAN_PEPPER_ROOT;12045.0;7;12042.0;15;;;12058.0;10;12061.0;13;;;12051.5;0.0
0;51200;ASH_COATED_OSMIUM;9991.0;10;9989.0;24;;;10007.0;12;10010.0;22;;;9999.0;0.0
0;51200;INTARIAN_PEPPER_ROOT;12042.0;17;;;;;12058.0;8;12061.0;16;;;12050.0;0.0
0;51300;ASH_COATED_OSMIUM;9991.0;10;9989.0;23;;;10007.0;12;10010.0;23;;;9999.0;0.0
0;51300;INTARIAN_PEPPER_ROOT;12042.0;11;;;;;12058.0;6;12061.0;14;;;12050.0;0.0
0;51400;ASH_COATED_OSMIUM;9997.0;2;9991.0;11;9989.0;20;10007.0;8;10010.0;21;;;10002.0;0.0
0;51400;INTARIAN_PEPPER_ROOT;12045.0;9;12042.0;21;;;;;;;;;12045.0;0.0
0;51500;ASH_COATED_OSMIUM;9991.0;12;;;;;10009.0;15;;;;;10000.0;0.0
0;51500;INTARIAN_PEPPER_ROOT;12045.0;8;;;;;12058.0;7;12061.0;13;;;12051.5;0.0
0;51600;ASH_COATED_OSMIUM;9991.0;7;9988.0;15;;;10007.0;9;10009.0;17;;;9999.0;0.0
0;51600;INTARIAN_PEPPER_ROOT;12045.0;6;12042.0;14;;;12058.0;6;12061.0;17;;;12051.5;0.0
0;51700;ASH_COATED_OSMIUM;9990.0;12;9988.0;21;;;10006.0;12;10009.0;19;;;9998.0;0.0
0;51700;INTARIAN_PEPPER_ROOT;12045.0;10;12042.0;13;;;12061.0;15;;;;;12053.0;0.0
0;51800;ASH_COATED_OSMIUM;9991.0;14;9988.0;21;;;10009.0;26;;;;;10000.0;0.0
0;51800;INTARIAN_PEPPER_ROOT;12045.0;5;12042.0;16;;;12058.0;8;12061.0;16;;;12051.5;0.0
0;51900;ASH_COATED_OSMIUM;9988.0;22;;;;;10007.0;12;10009.0;21;;;9997.5;0.0
0;51900;INTARIAN_PEPPER_ROOT;12042.0;9;;;;;12058.0;7;12061.0;13;;;12050.0;0.0
0;52000;ASH_COATED_OSMIUM;9991.0;8;9988.0;22;;;10007.0;7;;;;;9999.0;0.0
0;52000;INTARIAN_PEPPER_ROOT;;;;;;;12059.0;8;12062.0;11;;;12059.0;0.0
0;52100;ASH_COATED_OSMIUM;9992.0;14;9989.0;22;;;10008.0;11;;;;;10000.0;0.0
0;52100;INTARIAN_PEPPER_ROOT;12046.0;9;12043.0;12;;;12059.0;9;;;;;12052.5;0.0
0;52200;ASH_COATED_OSMIUM;9991.0;8;9989.0;18;;;10007.0;9;;;;;9999.0;0.0
0;52200;INTARIAN_PEPPER_ROOT;12046.0;5;12043.0;16;;;12059.0;9;12062.0;17;;;12052.5;0.0
0;52300;ASH_COATED_OSMIUM;9989.0;15;;;;;10007.0;7;10010.0;22;;;9998.0;0.0
0;52300;INTARIAN_PEPPER_ROOT;12046.0;9;12043.0;22;;;12062.0;19;;;;;12054.0;0.0
0;52400;ASH_COATED_OSMIUM;;;;;;;10006.0;10;10009.0;16;;;10006.0;0.0
0;52400;INTARIAN_PEPPER_ROOT;12046.0;8;12043.0;16;;;12059.0;10;;;;;12052.5;0.0
0;52500;ASH_COATED_OSMIUM;9990.0;11;9987.0;23;;;;;;;;;9990.0;0.0
0;52500;INTARIAN_PEPPER_ROOT;12046.0;9;12043.0;12;;;12059.0;11;12062.0;10;;;12052.5;0.0
0;52600;ASH_COATED_OSMIUM;9990.0;13;9987.0;22;;;10006.0;9;10008.0;20;;;9998.0;0.0
0;52600;INTARIAN_PEPPER_ROOT;12056.0;6;12046.0;8;;;12059.0;8;12062.0;19;;;12057.5;0.0
0;52700;ASH_COATED_OSMIUM;;;;;;;10006.0;11;10008.0;20;;;10006.0;0.0
0;52700;INTARIAN_PEPPER_ROOT;12046.0;7;;;;;12059.0;8;;;;;12052.5;0.0
0;52800;ASH_COATED_OSMIUM;9989.0;5;;;;;10005.0;8;;;;;9997.0;0.0
0;52800;INTARIAN_PEPPER_ROOT;12046.0;9;;;;;12059.0;11;12062.0;18;;;12052.5;0.0
0;52900;ASH_COATED_OSMIUM;9989.0;9;9986.0;23;;;10005.0;7;10007.0;22;;;9997.0;0.0
0;52900;INTARIAN_PEPPER_ROOT;12046.0;9;12043.0;16;;;12059.0;9;12062.0;14;;;12052.5;0.0
0;53000;ASH_COATED_OSMIUM;9989.0;12;9986.0;25;;;10005.0;13;10007.0;24;;;9997.0;0.0
0;53000;INTARIAN_PEPPER_ROOT;12043.0;19;;;;;12060.0;5;;;;;12051.5;0.0
0;53100;ASH_COATED_OSMIUM;9989.0;7;9986.0;17;;;10007.0;20;;;;;9998.0;0.0
0;53100;INTARIAN_PEPPER_ROOT;12047.0;8;12044.0;14;;;12060.0;10;;;;;12053.5;0.0
0;53200;ASH_COATED_OSMIUM;9989.0;9;9987.0;17;;;10005.0;7;10008.0;18;;;9997.0;0.0
0;53200;INTARIAN_PEPPER_ROOT;12056.0;4;12047.0;7;12044.0;19;12060.0;9;12063.0;17;;;12058.0;0.0
0;53300;ASH_COATED_OSMIUM;9990.0;9;9987.0;22;;;10006.0;11;;;;;9998.0;0.0
0;53300;INTARIAN_PEPPER_ROOT;12044.0;15;;;;;12060.0;9;;;;;12052.0;0.0
0;53400;ASH_COATED_OSMIUM;9990.0;9;9987.0;18;;;10006.0;7;10008.0;19;;;9998.0;0.0
0;53400;INTARIAN_PEPPER_ROOT;12047.0;10;;;;;12063.0;13;;;;;12055.0;0.0
0;53500;ASH_COATED_OSMIUM;9987.0;18;;;;;10006.0;7;10008.0;19;;;9996.5;0.0
0;53500;INTARIAN_PEPPER_ROOT;12047.0;5;12044.0;13;;;12060.0;7;12063.0;12;;;12053.5;0.0
0;53600;ASH_COATED_OSMIUM;9990.0;11;9987.0;23;;;10006.0;11;10008.0;19;;;9998.0;0.0
0;53600;INTARIAN_PEPPER_ROOT;12047.0;8;12044.0;18;;;12049.0;5;12063.0;19;;;12048.0;0.0
0;53700;ASH_COATED_OSMIUM;9990.0;9;9987.0;21;;;10008.0;21;;;;;9999.0;0.0
0;53700;INTARIAN_PEPPER_ROOT;12047.0;8;12044.0;15;;;12060.0;5;12063.0;12;;;12053.5;0.0
0;53800;ASH_COATED_OSMIUM;9990.0;9;;;;;9995.0;6;10006.0;9;10008.0;19;9992.5;0.0
0;53800;INTARIAN_PEPPER_ROOT;12047.0;8;12044.0;15;;;12060.0;6;12063.0;15;;;12053.5;0.0
0;53900;ASH_COATED_OSMIUM;9989.0;10;9987.0;20;;;10005.0;5;10008.0;19;;;9997.0;0.0
0;53900;INTARIAN_PEPPER_ROOT;12047.0;6;12044.0;13;;;12063.0;14;;;;;12055.0;0.0
0;54000;ASH_COATED_OSMIUM;9989.0;12;9986.0;22;;;10005.0;14;;;;;9997.0;0.0
0;54000;INTARIAN_PEPPER_ROOT;12047.0;9;12044.0;19;;;12064.0;21;;;;;12055.5;0.0
0;54100;ASH_COATED_OSMIUM;9986.0;19;;;;;10005.0;12;10007.0;14;;;9995.5;0.0
0;54100;INTARIAN_PEPPER_ROOT;;;;;;;12061.0;7;12064.0;13;;;12061.0;0.0
0;54200;ASH_COATED_OSMIUM;9989.0;12;9986.0;26;;;10005.0;10;10007.0;22;;;9997.0;0.0
0;54200;INTARIAN_PEPPER_ROOT;12048.0;8;12045.0;17;;;12064.0;23;;;;;12056.0;0.0
0;54300;ASH_COATED_OSMIUM;9988.0;11;9986.0;19;;;10004.0;13;10007.0;18;;;9996.0;0.0
0;54300;INTARIAN_PEPPER_ROOT;12045.0;11;;;;;12061.0;6;12064.0;14;;;12053.0;0.0
0;54400;ASH_COATED_OSMIUM;9988.0;7;9986.0;23;;;10004.0;7;10007.0;21;;;9996.0;0.0
0;54400;INTARIAN_PEPPER_ROOT;12048.0;9;;;;;12061.0;9;12064.0;12;;;12054.5;0.0
0;54500;ASH_COATED_OSMIUM;9988.0;8;9986.0;17;;;10004.0;9;;;;;9996.0;0.0
0;54500;INTARIAN_PEPPER_ROOT;12048.0;5;12045.0;18;;;12061.0;8;12064.0;17;;;12054.5;0.0
0;54600;ASH_COATED_OSMIUM;9988.0;8;9986.0;26;;;10004.0;9;10007.0;23;;;9996.0;0.0
0;54600;INTARIAN_PEPPER_ROOT;12045.0;14;;;;;12064.0;19;;;;;12054.5;0.0
0;54700;ASH_COATED_OSMIUM;9988.0;12;9986.0;27;;;10007.0;24;;;;;9997.5;0.0
0;54700;INTARIAN_PEPPER_ROOT;12048.0;6;12045.0;14;;;12061.0;9;;;;;12054.5;0.0
0;54800;ASH_COATED_OSMIUM;9988.0;7;;;;;10004.0;9;;;;;9996.0;0.0
0;54800;INTARIAN_PEPPER_ROOT;12045.0;14;;;;;12061.0;4;12064.0;21;;;12053.0;0.0
0;54900;ASH_COATED_OSMIUM;9988.0;10;;;;;;;;;;;9988.0;0.0
0;54900;INTARIAN_PEPPER_ROOT;12045.0;14;;;;;12064.0;16;;;;;12054.5;0.0
0;55000;ASH_COATED_OSMIUM;9988.0;7;9986.0;22;;;10004.0;8;10007.0;23;;;9996.0;0.0
0;55000;INTARIAN_PEPPER_ROOT;12048.0;9;12045.0;14;;;12062.0;8;12065.0;10;;;12055.0;0.0
0;55100;ASH_COATED_OSMIUM;9988.0;9;9986.0;18;;;10007.0;24;;;;;9997.5;0.0
0;55100;INTARIAN_PEPPER_ROOT;12049.0;7;12046.0;10;;;12062.0;7;12065.0;15;;;12055.5;0.0
0;55200;ASH_COATED_OSMIUM;9985.0;20;;;;;10006.0;19;;;;;9995.5;0.0
0;55200;INTARIAN_PEPPER_ROOT;12049.0;8;12046.0;20;;;12062.0;7;12065.0;20;;;12055.5;0.0
0;55300;ASH_COATED_OSMIUM;9988.0;7;9986.0;25;;;10004.0;9;10007.0;22;;;9996.0;0.0
0;55300;INTARIAN_PEPPER_ROOT;12049.0;7;12046.0;14;;;12062.0;9;12065.0;13;;;12055.5;0.0
0;55400;ASH_COATED_OSMIUM;9985.0;18;;;;;10004.0;12;10006.0;20;;;9994.5;0.0
0;55400;INTARIAN_PEPPER_ROOT;12046.0;15;;;;;12062.0;8;12065.0;13;;;12054.0;0.0
0;55500;ASH_COATED_OSMIUM;9988.0;10;9986.0;20;;;10004.0;12;10007.0;18;;;9996.0;0.0
0;55500;INTARIAN_PEPPER_ROOT;12049.0;9;;;;;12062.0;11;;;;;12055.5;0.0
0;55600;ASH_COATED_OSMIUM;9988.0;14;;;;;10004.0;12;10006.0;16;;;9996.0;0.0
0;55600;INTARIAN_PEPPER_ROOT;12049.0;8;;;;;12062.0;12;12065.0;10;;;12055.5;0.0
0;55700;ASH_COATED_OSMIUM;9988.0;8;;;;;10004.0;8;10006.0;16;;;9996.0;0.0
0;55700;INTARIAN_PEPPER_ROOT;12053.0;6;12049.0;7;12046.0;11;12062.0;6;12065.0;13;;;12057.5;0.0
0;55800;ASH_COATED_OSMIUM;;;;;;;10004.0;9;10006.0;20;;;10004.0;0.0
0;55800;INTARIAN_PEPPER_ROOT;12049.0;11;12046.0;14;;;12062.0;11;12065.0;17;;;12055.5;0.0
0;55900;ASH_COATED_OSMIUM;9985.0;16;;;;;10004.0;13;10006.0;17;;;9994.5;0.0
0;55900;INTARIAN_PEPPER_ROOT;12049.0;11;12046.0;12;;;12062.0;9;12065.0;13;;;12055.5;0.0
0;56000;ASH_COATED_OSMIUM;9988.0;11;9985.0;20;;;10004.0;13;10006.0;20;;;9996.0;0.0
0;56000;INTARIAN_PEPPER_ROOT;12049.0;7;12046.0;18;;;12063.0;8;12066.0;17;;;12056.0;0.0
0;56100;ASH_COATED_OSMIUM;9988.0;12;9986.0;21;;;10004.0;10;10007.0;19;;;9996.0;0.0
0;56100;INTARIAN_PEPPER_ROOT;12047.0;10;;;;;12063.0;8;;;;;12055.0;0.0
0;56200;ASH_COATED_OSMIUM;9988.0;11;9986.0;22;;;;;;;;;9988.0;0.0
0;56200;INTARIAN_PEPPER_ROOT;12050.0;6;;;;;12063.0;8;12066.0;9;;;12056.5;0.0
0;56300;ASH_COATED_OSMIUM;9988.0;12;9986.0;17;;;10004.0;9;10007.0;17;;;9996.0;0.0
0;56300;INTARIAN_PEPPER_ROOT;12050.0;10;12047.0;23;;;12066.0;20;;;;;12058.0;0.0
0;56400;ASH_COATED_OSMIUM;9988.0;8;;;;;9997.0;2;10004.0;7;10006.0;18;9992.5;0.0
0;56400;INTARIAN_PEPPER_ROOT;12050.0;7;12047.0;14;;;12063.0;6;12066.0;13;;;12056.5;0.0
0;56500;ASH_COATED_OSMIUM;9987.0;9;9985.0;20;;;9997.0;3;;;;;9992.0;0.0
0;56500;INTARIAN_PEPPER_ROOT;12050.0;7;12047.0;18;;;12063.0;7;12066.0;21;;;12056.5;0.0
0;56600;ASH_COATED_OSMIUM;9988.0;12;9985.0;21;;;10004.0;12;10006.0;24;;;9996.0;0.0
0;56600;INTARIAN_PEPPER_ROOT;12050.0;7;12047.0;18;;;12063.0;9;;;;;12056.5;0.0
0;56700;ASH_COATED_OSMIUM;9988.0;10;9985.0;15;;;10006.0;16;;;;;9997.0;0.0
0;56700;INTARIAN_PEPPER_ROOT;;;;;;;12063.0;8;12066.0;18;;;12063.0;0.0
0;56800;ASH_COATED_OSMIUM;9988.0;11;;;;;10004.0;12;10007.0;22;;;9996.0;0.0
0;56800;INTARIAN_PEPPER_ROOT;12050.0;7;12047.0;15;;;12063.0;9;12066.0;14;;;12056.5;0.0
0;56900;ASH_COATED_OSMIUM;9989.0;9;9986.0;17;;;10005.0;9;10007.0;18;;;9997.0;0.0
0;56900;INTARIAN_PEPPER_ROOT;12047.0;12;;;;;12063.0;8;12066.0;18;;;12055.0;0.0
0;57000;ASH_COATED_OSMIUM;9989.0;11;9986.0;23;;;10005.0;11;10007.0;23;;;9997.0;0.0
0;57000;INTARIAN_PEPPER_ROOT;12047.0;15;;;;;12067.0;20;;;;;12057.0;0.0
0;57100;ASH_COATED_OSMIUM;9988.0;10;9986.0;20;;;10004.0;12;;;;;9996.0;0.0
0;57100;INTARIAN_PEPPER_ROOT;12048.0;22;;;;;;;;;;;12048.0;0.0
0;57200;ASH_COATED_OSMIUM;9989.0;8;9986.0;18;;;10005.0;9;;;;;9997.0;0.0
0;57200;INTARIAN_PEPPER_ROOT;12051.0;11;12048.0;15;;;12064.0;9;12067.0;20;;;12057.5;0.0
0;57300;ASH_COATED_OSMIUM;9989.0;7;9986.0;23;;;9998.0;2;10005.0;9;10007.0;19;9993.5;0.0
0;57300;INTARIAN_PEPPER_ROOT;12051.0;7;12048.0;24;;;12064.0;9;12067.0;18;;;12057.5;0.0
0;57400;ASH_COATED_OSMIUM;9988.0;12;9986.0;22;;;10007.0;18;;;;;9997.5;0.0
0;57400;INTARIAN_PEPPER_ROOT;12051.0;9;;;;;12064.0;9;12067.0;12;;;12057.5;0.0
0;57500;ASH_COATED_OSMIUM;9988.0;11;9985.0;20;;;10004.0;6;10006.0;24;;;9996.0;0.0
0;57500;INTARIAN_PEPPER_ROOT;12055.0;6;12051.0;8;12048.0;17;12064.0;8;12067.0;15;;;12059.5;0.0
0;57600;ASH_COATED_OSMIUM;9987.0;11;9985.0;18;;;10003.0;13;;;;;9995.0;0.0
0;57600;INTARIAN_PEPPER_ROOT;12051.0;8;12048.0;16;;;;;;;;;12051.0;0.0
0;57700;ASH_COATED_OSMIUM;9985.0;29;;;;;10003.0;7;10006.0;23;;;9994.0;0.0
0;57700;INTARIAN_PEPPER_ROOT;12051.0;5;12048.0;19;;;12064.0;6;12067.0;18;;;12057.5;0.0
0;57800;ASH_COATED_OSMIUM;9987.0;12;9985.0;24;;;;;;;;;9987.0;0.0
0;57800;INTARIAN_PEPPER_ROOT;12048.0;13;;;;;12064.0;9;12067.0;14;;;12056.0;0.0
0;57900;ASH_COATED_OSMIUM;9985.0;24;;;;;10003.0;13;10006.0;26;;;9994.0;0.0
0;57900;INTARIAN_PEPPER_ROOT;12048.0;15;;;;;12064.0;6;12067.0;16;;;12056.0;0.0
0;58000;ASH_COATED_OSMIUM;9987.0;11;9985.0;21;;;10003.0;8;10006.0;17;;;9995.0;0.0
0;58000;INTARIAN_PEPPER_ROOT;12051.0;6;12048.0;17;;;12065.0;6;12068.0;18;;;12058.0;0.0
0;58100;ASH_COATED_OSMIUM;;;;;;;10003.0;12;10006.0;12;;;10003.0;0.0
0;58100;INTARIAN_PEPPER_ROOT;12052.0;10;12049.0;14;;;12065.0;8;12068.0;16;;;12058.5;0.0
0;58200;ASH_COATED_OSMIUM;9987.0;6;9985.0;20;;;10006.0;24;;;;;9996.5;0.0
0;58200;INTARIAN_PEPPER_ROOT;12049.0;20;;;;;12068.0;19;;;;;12058.5;0.0
0;58300;ASH_COATED_OSMIUM;9987.0;13;;;;;10003.0;13;10006.0;24;;;9995.0;0.0
0;58300;INTARIAN_PEPPER_ROOT;12052.0;7;12049.0;18;;;12065.0;7;12068.0;17;;;12058.5;0.0
0;58400;ASH_COATED_OSMIUM;9987.0;11;9984.0;18;;;10003.0;11;10005.0;16;;;9995.0;0.0
0;58400;INTARIAN_PEPPER_ROOT;12052.0;7;;;;;12065.0;4;;;;;12058.5;0.0
0;58500;ASH_COATED_OSMIUM;9987.0;13;;;;;10003.0;14;;;;;9995.0;0.0
0;58500;INTARIAN_PEPPER_ROOT;12052.0;7;12049.0;14;;;12065.0;12;12068.0;14;;;12058.5;0.0
0;58600;ASH_COATED_OSMIUM;9987.0;11;9984.0;20;;;10003.0;12;10005.0;19;;;9995.0;0.0
0;58600;INTARIAN_PEPPER_ROOT;12052.0;9;12049.0;15;;;12068.0;15;;;;;12060.0;0.0
0;58700;ASH_COATED_OSMIUM;9987.0;9;9984.0;23;;;10003.0;8;10005.0;26;;;9995.0;0.0
0;58700;INTARIAN_PEPPER_ROOT;12052.0;6;;;;;12065.0;5;12068.0;12;;;12058.5;0.0
0;58800;ASH_COATED_OSMIUM;9987.0;12;9984.0;22;;;10003.0;11;10005.0;22;;;9995.0;0.0
0;58800;INTARIAN_PEPPER_ROOT;12052.0;8;12049.0;13;;;12065.0;6;12068.0;15;;;12058.5;0.0
0;58900;ASH_COATED_OSMIUM;9987.0;13;9985.0;15;;;10003.0;9;10006.0;18;;;9995.0;0.0
0;58900;INTARIAN_PEPPER_ROOT;12052.0;8;12049.0;20;;;12065.0;9;;;;;12058.5;0.0
0;59000;ASH_COATED_OSMIUM;9987.0;8;9985.0;17;;;10003.0;10;10006.0;18;;;9995.0;0.0
0;59000;INTARIAN_PEPPER_ROOT;;;;;;;12066.0;8;12069.0;20;;;12066.0;0.0
0;59100;ASH_COATED_OSMIUM;9985.0;25;;;;;10006.0;26;;;;;9995.5;0.0
0;59100;INTARIAN_PEPPER_ROOT;12053.0;8;12050.0;21;;;12066.0;9;;;;;12059.5;0.0
0;59200;ASH_COATED_OSMIUM;9992.0;3;9987.0;10;9984.0;18;10005.0;16;;;;;9998.5;0.0
0;59200;INTARIAN_PEPPER_ROOT;12053.0;9;12050.0;22;;;12066.0;11;;;;;12059.5;0.0
0;59300;ASH_COATED_OSMIUM;9984.0;19;;;;;10003.0;12;10005.0;19;;;9993.5;0.0
0;59300;INTARIAN_PEPPER_ROOT;12053.0;6;12050.0;17;;;12066.0;6;12069.0;14;;;12059.5;0.0
0;59400;ASH_COATED_OSMIUM;9986.0;8;;;;;10002.0;8;10004.0;22;;;9994.0;0.0
0;59400;INTARIAN_PEPPER_ROOT;12053.0;7;12050.0;11;;;12066.0;7;;;;;12059.5;0.0
0;59500;ASH_COATED_OSMIUM;9986.0;11;;;;;10002.0;11;10005.0;17;;;9994.0;0.0
0;59500;INTARIAN_PEPPER_ROOT;12053.0;6;12050.0;18;;;12066.0;7;12069.0;16;;;12059.5;0.0
0;59600;ASH_COATED_OSMIUM;9983.0;22;;;;;10004.0;18;;;;;9993.5;0.0
0;59600;INTARIAN_PEPPER_ROOT;12053.0;5;12050.0;19;;;12066.0;9;12069.0;19;;;12059.5;0.0
0;59700;ASH_COATED_OSMIUM;9986.0;10;9984.0;17;;;9996.0;3;10002.0;9;10005.0;18;9991.0;0.0
0;59700;INTARIAN_PEPPER_ROOT;12053.0;9;12050.0;16;;;12062.0;10;12066.0;7;12069.0;15;12057.5;0.0
0;59800;ASH_COATED_OSMIUM;9983.0;25;;;;;10002.0;10;10004.0;25;;;9992.5;0.0
0;59800;INTARIAN_PEPPER_ROOT;12053.0;6;12050.0;14;;;12066.0;6;;;;;12059.5;0.0
0;59900;ASH_COATED_OSMIUM;9987.0;10;9984.0;16;;;;;;;;;9987.0;0.0
0;59900;INTARIAN_PEPPER_ROOT;12053.0;9;12050.0;22;;;12066.0;10;12069.0;16;;;12059.5;0.0
0;60000;ASH_COATED_OSMIUM;9987.0;13;;;;;10003.0;9;10005.0;21;;;9995.0;0.0
0;60000;INTARIAN_PEPPER_ROOT;12053.0;6;12050.0;18;;;12067.0;7;12070.0;21;;;12060.0;0.0
0;60100;ASH_COATED_OSMIUM;9987.0;7;9984.0;16;;;10003.0;10;10005.0;17;;;9995.0;0.0
0;60100;INTARIAN_PEPPER_ROOT;12054.0;9;12051.0;17;;;12067.0;5;12070.0;14;;;12060.5;0.0
0;60200;ASH_COATED_OSMIUM;9987.0;11;9984.0;18;;;10003.0;7;10005.0;18;;;9995.0;0.0
0;60200;INTARIAN_PEPPER_ROOT;12051.0;15;;;;;12067.0;8;12070.0;12;;;12059.0;0.0
0;60300;ASH_COATED_OSMIUM;9984.0;17;;;;;9992.0;8;10005.0;17;;;9988.0;0.0
0;60300;INTARIAN_PEPPER_ROOT;12054.0;7;12051.0;15;;;12067.0;6;12070.0;17;;;12060.5;0.0
0;60400;ASH_COATED_OSMIUM;9987.0;11;9984.0;19;;;10003.0;10;10005.0;19;;;9995.0;0.0
0;60400;INTARIAN_PEPPER_ROOT;12054.0;6;12051.0;12;;;12067.0;10;;;;;12060.5;0.0
0;60500;ASH_COATED_OSMIUM;9987.0;8;;;;;10003.0;12;;;;;9995.0;0.0
0;60500;INTARIAN_PEPPER_ROOT;12054.0;8;12051.0;20;;;12067.0;8;12070.0;18;;;12060.5;0.0
0;60600;ASH_COATED_OSMIUM;9987.0;9;9985.0;21;;;10003.0;10;10006.0;21;;;9995.0;0.0
0;60600;INTARIAN_PEPPER_ROOT;12054.0;7;12051.0;20;;;12067.0;7;;;;;12060.5;0.0
0;60700;ASH_COATED_OSMIUM;9988.0;12;9985.0;22;;;10004.0;11;10006.0;14;;;9996.0;0.0
0;60700;INTARIAN_PEPPER_ROOT;12054.0;8;;;;;12067.0;6;12070.0;12;;;12060.5;0.0
0;60800;ASH_COATED_OSMIUM;9984.0;17;;;;;10003.0;13;10005.0;18;;;9993.5;0.0
0;60800;INTARIAN_PEPPER_ROOT;12054.0;10;12051.0;14;;;12070.0;12;;;;;12062.0;0.0
0;60900;ASH_COATED_OSMIUM;9987.0;10;9985.0;25;;;10003.0;9;10006.0;23;;;9995.0;0.0
0;60900;INTARIAN_PEPPER_ROOT;12051.0;23;;;;;12067.0;9;;;;;12059.0;0.0
0;61000;ASH_COATED_OSMIUM;9988.0;10;;;;;10006.0;18;;;;;9997.0;0.0
0;61000;INTARIAN_PEPPER_ROOT;12054.0;8;12051.0;17;;;12068.0;7;12071.0;11;;;12061.0;0.0
0;61100;ASH_COATED_OSMIUM;9989.0;13;;;;;10005.0;11;10007.0;26;;;9997.0;0.0
0;61100;INTARIAN_PEPPER_ROOT;12055.0;7;12052.0;9;;;12068.0;7;12071.0;11;;;12061.5;0.0
0;61200;ASH_COATED_OSMIUM;9989.0;8;9986.0;16;;;10005.0;9;;;;;9997.0;0.0
0;61200;INTARIAN_PEPPER_ROOT;12055.0;11;12052.0;19;;;12068.0;7;;;;;12061.5;0.0
0;61300;ASH_COATED_OSMIUM;9989.0;10;9986.0;24;;;10007.0;24;;;;;9998.0;0.0
0;61300;INTARIAN_PEPPER_ROOT;12052.0;19;;;;;12071.0;19;;;;;12061.5;0.0
0;61400;ASH_COATED_OSMIUM;;;;;;;10007.0;20;;;;;10007.0;0.0
0;61400;INTARIAN_PEPPER_ROOT;12055.0;7;12052.0;17;;;12068.0;8;12071.0;17;;;12061.5;0.0
0;61500;ASH_COATED_OSMIUM;;;;;;;10005.0;12;10007.0;22;;;10005.0;0.0
0;61500;INTARIAN_PEPPER_ROOT;12055.0;10;12052.0;19;;;12071.0;20;;;;;12063.0;0.0
0;61600;ASH_COATED_OSMIUM;9989.0;11;9986.0;15;;;10005.0;13;;;;;9997.0;0.0
0;61600;INTARIAN_PEPPER_ROOT;12055.0;8;;;;;12068.0;8;12071.0;13;;;12061.5;0.0
0;61700;ASH_COATED_OSMIUM;9989.0;11;;;;;10005.0;8;10007.0;28;;;9997.0;0.0
0;61700;INTARIAN_PEPPER_ROOT;12055.0;9;12052.0;14;;;;;;;;;12055.0;0.0
0;61800;ASH_COATED_OSMIUM;9989.0;10;9986.0;19;;;10005.0;11;10007.0;20;;;9997.0;0.0
0;61800;INTARIAN_PEPPER_ROOT;12055.0;9;12052.0;13;;;12068.0;8;12071.0;12;;;12061.5;0.0
0;61900;ASH_COATED_OSMIUM;9989.0;9;9987.0;16;;;10005.0;8;10008.0;15;;;9997.0;0.0
0;61900;INTARIAN_PEPPER_ROOT;12059.0;5;12055.0;8;12052.0;13;12068.0;9;12071.0;15;;;12063.5;0.0
0;62000;ASH_COATED_OSMIUM;9989.0;6;9986.0;20;;;10005.0;10;10007.0;17;;;9997.0;0.0
0;62000;INTARIAN_PEPPER_ROOT;12052.0;16;;;;;12069.0;6;12072.0;13;;;12060.5;0.0
0;62100;ASH_COATED_OSMIUM;9988.0;11;9986.0;13;;;;;;;;;9988.0;0.0
0;62100;INTARIAN_PEPPER_ROOT;12056.0;5;12053.0;17;;;12069.0;7;12072.0;20;;;12062.5;0.0
0;62200;ASH_COATED_OSMIUM;9987.0;23;;;;;10008.0;20;;;;;9997.5;0.0
0;62200;INTARIAN_PEPPER_ROOT;12056.0;11;12053.0;15;;;12069.0;10;12072.0;13;;;12062.5;0.0
0;62300;ASH_COATED_OSMIUM;9989.0;9;9987.0;14;;;10005.0;11;;;;;9997.0;0.0
0;62300;INTARIAN_PEPPER_ROOT;12056.0;9;12053.0;14;;;12072.0;16;;;;;12064.0;0.0
0;62400;ASH_COATED_OSMIUM;9989.0;11;9987.0;24;;;10005.0;12;10008.0;26;;;9997.0;0.0
0;62400;INTARIAN_PEPPER_ROOT;12056.0;7;12053.0;12;;;12069.0;8;12072.0;10;;;12062.5;0.0
0;62500;ASH_COATED_OSMIUM;9987.0;18;;;;;10005.0;11;10008.0;17;;;9996.0;0.0
0;62500;INTARIAN_PEPPER_ROOT;12056.0;6;12053.0;17;;;12069.0;9;12072.0;12;;;12062.5;0.0
0;62600;ASH_COATED_OSMIUM;9990.0;12;9987.0;17;;;10006.0;11;;;;;9998.0;0.0
0;62600;INTARIAN_PEPPER_ROOT;12056.0;11;12053.0;19;;;12069.0;9;12072.0;19;;;12062.5;0.0
0;62700;ASH_COATED_OSMIUM;9989.0;12;9986.0;18;;;10005.0;14;10007.0;20;;;9997.0;0.0
0;62700;INTARIAN_PEPPER_ROOT;12056.0;9;12053.0;17;;;12069.0;8;12072.0;13;;;12062.5;0.0
0;62800;ASH_COATED_OSMIUM;9989.0;8;9986.0;21;;;10005.0;7;10007.0;22;;;9997.0;0.0
0;62800;INTARIAN_PEPPER_ROOT;12053.0;23;;;;;12069.0;9;12072.0;20;;;12061.0;0.0
0;62900;ASH_COATED_OSMIUM;9986.0;26;;;;;10005.0;11;10007.0;22;;;9995.5;0.0
0;62900;INTARIAN_PEPPER_ROOT;12056.0;6;12053.0;14;;;12069.0;9;12072.0;10;;;12062.5;0.0
0;63000;ASH_COATED_OSMIUM;9986.0;21;;;;;10005.0;8;;;;;9995.5;0.0
0;63000;INTARIAN_PEPPER_ROOT;12056.0;9;;;;;12070.0;8;;;;;12063.0;0.0
0;63100;ASH_COATED_OSMIUM;9988.0;12;9986.0;19;;;10004.0;11;10007.0;16;;;9996.0;0.0
0;63100;INTARIAN_PEPPER_ROOT;12057.0;12;12054.0;13;;;12070.0;11;12073.0;13;;;12063.5;0.0
0;63200;ASH_COATED_OSMIUM;9988.0;8;9986.0;17;;;10007.0;19;;;;;9997.5;0.0
0;63200;INTARIAN_PEPPER_ROOT;12057.0;7;12054.0;12;;;12070.0;8;12073.0;17;;;12063.5;0.0
0;63300;ASH_COATED_OSMIUM;9988.0;8;;;;;10004.0;13;10007.0;21;;;9996.0;0.0
0;63300;INTARIAN_PEPPER_ROOT;12054.0;16;;;;;12070.0;10;;;;;12062.0;0.0
0;63400;ASH_COATED_OSMIUM;9986.0;18;;;;;10004.0;8;;;;;9995.0;0.0
0;63400;INTARIAN_PEPPER_ROOT;12057.0;9;12054.0;15;;;12070.0;6;;;;;12063.5;0.0
0;63500;ASH_COATED_OSMIUM;9986.0;15;;;;;10004.0;9;10007.0;17;;;9995.0;0.0
