timestamp;buyer;seller;symbol;currency;price;quantity
0;;;ASH_COATED_OSMIUM;XIRECS;9995.0;5
3600;;;ASH_COATED_OSMIUM;XIRECS;10009.0;2
4800;;;INTARIAN_PEPPER_ROOT;XIRECS;12008.0;2
5000;;;INTARIAN_PEPPER_ROOT;XIRECS;11998.0;3
9100;;;ASH_COATED_OSMIUM;XIRECS;9998.0;4
10000;;;ASH_COATED_OSMIUM;XIRECS;9994.0;5
12100;;;ASH_COATED_OSMIUM;XIRECS;9994.0;4
14000;;;ASH_COATED_OSMIUM;XIRECS;10011.0;3
15100;;;ASH_COATED_OSMIUM;XIRECS;10010.0;2
15100;;;ASH_COATED_OSMIUM;XIRECS;10010.0;5
18500;;;ASH_COATED_OSMIUM;XIRECS;10010.0;6
23100;;;INTARIAN_PEPPER_ROOT;XIRECS;12019.0;3
24300;;;ASH_COATED_OSMIUM;XIRECS;9993.0;2
24600;;;ASH_COATED_OSMIUM;XIRECS;9992.0;3
30400;;;INTARIAN_PEPPER_ROOT;XIRECS;12037.0;5
32800;;;ASH_COATED_OSMIUM;XIRECS;9992.0;3
34000;;;ASH_COATED_OSMIUM;XIRECS;10010.0;6
34400;;;INTARIAN_PEPPER_ROOT;XIRECS;12041.0;3
34500;;;ASH_COATED_OSMIUM;XIRECS;9993.0;6
35700;;;INTARIAN_PEPPER_ROOT;XIRECS;12039.0;2
35800;;;INTARIAN_PEPPER_ROOT;XIRECS;12032.0;7
36500;;;ASH_COATED_OSMIUM;XIRECS;10010.0;3
38400;;;ASH_COATED_OSMIUM;XIRECS;10009.0;3
38500;;;INTARIAN_PEPPER_ROOT;XIRECS;12032.0;5
39100;;;ASH_COATED_OSMIUM;XIRECS;10009.0;6
39900;;;ASH_COATED_OSMIUM;XIRECS;10010.0;6
42800;;;INTARIAN_PEPPER_ROOT;XIRECS;12049.0;5
44700;;;INTARIAN_PEPPER_ROOT;XIRECS;12041.0;7
52600;;;INTARIAN_PEPPER_ROOT;XIRECS;12056.0;7
54600;;;ASH_COATED_OSMIUM;XIRECS;9988.0;6
57000;;;INTARIAN_PEPPER_ROOT;XIRECS;12067.0;3
59500;;;ASH_COATED_OSMIUM;XIRECS;10002.0;2
62000;;;ASH_COATED_OSMIUM;XIRECS;10005.0;2
63700;;;ASH_COATED_OSMIUM;XIRECS;9989.0;1
64300;;;INTARIAN_PEPPER_ROOT;XIRECS;12060.0;1
64900;;;ASH_COATED_OSMIUM;XIRECS;10004.0;4
67600;;;INTARIAN_PEPPER_ROOT;XIRECS;12071.0;3
71500;;;INTARIAN_PEPPER_ROOT;XIRECS;12067.0;2
73700;;;INTARIAN_PEPPER_ROOT;XIRECS;12067.0;3
76500;;;ASH_COATED_OSMIUM;XIRECS;10012.0;5
80200;;;INTARIAN_PEPPER_ROOT;XIRECS;12074.0;3
83700;;;ASH_COATED_OSMIUM;XIRECS;10005.0;1
84800;;;INTARIAN_PEPPER_ROOT;XIRECS;12088.0;5
85500;;;ASH_COATED_OSMIUM;XIRECS;9988.0;7
85700;;;ASH_COATED_OSMIUM;XIRECS;9995.0;2
85900;;;ASH_COATED_OSMIUM;XIRECS;9986.0;5
87400;;;INTARIAN_PEPPER_ROOT;XIRECS;12081.0;3
90800;;;ASH_COATED_OSMIUM;XIRECS;9995.0;4
91700;;;INTARIAN_PEPPER_ROOT;XIRECS;12088.0;5
92500;;;INTARIAN_PEPPER_ROOT;XIRECS;12099.0;6
95900;;;ASH_COATED_OSMIUM;XIRECS;10008.0;2
96900;;;ASH_COATED_OSMIUM;XIRECS;10007.0;7
97200;;;INTARIAN_PEPPER_ROOT;XIRECS;12104.0;5
105900;;;ASH_COATED_OSMIUM;XIRECS;10013.0;4
107000;;;INTARIAN_PEPPER_ROOT;XIRECS;12114.0;5
109800;;;INTARIAN_PEPPER_ROOT;XIRECS;12116.0;4
109800;;;INTARIAN_PEPPER_ROOT;XIRECS;12113.0;3
111600;;;ASH_COATED_OSMIUM;XIRECS;9993.0;5
114700;;;ASH_COATED_OSMIUM;XIRECS;9995.0;2
117500;;;INTARIAN_PEPPER_ROOT;XIRECS;12111.0;5
120100;;;INTARIAN_PEPPER_ROOT;XIRECS;12127.0;3
126400;;;ASH_COATED_OSMIUM;XIRECS;9993.0;5
126500;;;ASH_COATED_OSMIUM;XIRECS;9993.0;4
127800;;;ASH_COATED_OSMIUM;XIRECS;10012.0;2
127800;;;INTARIAN_PEPPER_ROOT;XIRECS;12121.0;3
129500;;;INTARIAN_PEPPER_ROOT;XIRECS;12136.0;2
130300;;;ASH_COATED_OSMIUM;XIRECS;10011.0;2
131000;;;ASH_COATED_OSMIUM;XIRECS;10008.0;7
131100;;;INTARIAN_PEPPER_ROOT;XIRECS;12138.0;3
137700;;;ASH_COATED_OSMIUM;XIRECS;10012.0;2
138000;;;INTARIAN_PEPPER_ROOT;XIRECS;12131.0;3
139400;;;ASH_COATED_OSMIUM;XIRECS;9995.0;6
139400;;;ASH_COATED_OSMIUM;XIRECS;9995.0;3
141900;;;INTARIAN_PEPPER_ROOT;XIRECS;12135.0;2
142000;;;ASH_COATED_OSMIUM;XIRECS;9994.0;2
142200;;;ASH_COATED_OSMIUM;XIRECS;9994.0;3
142300;;;INTARIAN_PEPPER_ROOT;XIRECS;12145.0;5
146700;;;ASH_COATED_OSMIUM;XIRECS;10010.0;4
148200;;;INTARIAN_PEPPER_ROOT;XIRECS;12142.0;6
149500;;;ASH_COATED_OSMIUM;XIRECS;10012.0;7
153200;;;ASH_COATED_OSMIUM;XIRECS;9996.0;4
155300;;;ASH_COATED_OSMIUM;XIRECS;10012.0;8
155500;;;ASH_COATED_OSMIUM;XIRECS;10012.0;6
155700;;;ASH_COATED_OSMIUM;XIRECS;10015.0;7
155800;;;ASH_COATED_OSMIUM;XIRECS;9997.0;2
158200;;;ASH_COATED_OSMIUM;XIRECS;9998.0;4
164100;;;INTARIAN_PEPPER_ROOT;XIRECS;12167.0;4
164200;;;INTARIAN_PEPPER_ROOT;XIRECS;12160.0;6
165300;;;ASH_COATED_OSMIUM;XIRECS;9998.0;4
170300;;;INTARIAN_PEPPER_ROOT;XIRECS;12177.0;7
170500;;;INTARIAN_PEPPER_ROOT;XIRECS;12174.0;6
172700;;;ASH_COATED_OSMIUM;XIRECS;10015.0;3
177700;;;ASH_COATED_OSMIUM;XIRECS;9998.0;8
177900;;;INTARIAN_PEPPER_ROOT;XIRECS;12171.0;3
181600;;;ASH_COATED_OSMIUM;XIRECS;9999.0;2
182700;;;ASH_COATED_OSMIUM;XIRECS;9998.0;4
184700;;;ASH_COATED_OSMIUM;XIRECS;10008.0;3
184800;;;ASH_COATED_OSMIUM;XIRECS;9999.0;4
185500;;;INTARIAN_PEPPER_ROOT;XIRECS;12189.0;5
185900;;;ASH_COATED_OSMIUM;XIRECS;10000.0;6
186800;;;ASH_COATED_OSMIUM;XIRECS;9999.0;4
190400;;;ASH_COATED_OSMIUM;XIRECS;10012.0;2
191800;;;INTARIAN_PEPPER_ROOT;XIRECS;12182.0;4
192600;;;ASH_COATED_OSMIUM;XIRECS;9997.0;4
192900;;;ASH_COATED_OSMIUM;XIRECS;10013.0;7
194900;;;INTARIAN_PEPPER_ROOT;XIRECS;12191.0;4
197300;;;ASH_COATED_OSMIUM;XIRECS;9997.0;7
199400;;;INTARIAN_PEPPER_ROOT;XIRECS;12206.0;2
200100;;;ASH_COATED_OSMIUM;XIRECS;9997.0;4
200600;;;ASH_COATED_OSMIUM;XIRECS;10013.0;2
200700;;;ASH_COATED_OSMIUM;XIRECS;10012.0;8
201700;;;ASH_COATED_OSMIUM;XIRECS;9994.0;2
204000;;;INTARIAN_PEPPER_ROOT;XIRECS;12211.0;6
204600;;;INTARIAN_PEPPER_ROOT;XIRECS;12198.0;4
205600;;;ASH_COATED_OSMIUM;XIRECS;9991.0;2
206600;;;ASH_COATED_OSMIUM;XIRECS;9993.0;7
207500;;;INTARIAN_PEPPER_ROOT;XIRECS;12214.0;2
208900;;;ASH_COATED_OSMIUM;XIRECS;9988.0;8
210000;;;ASH_COATED_OSMIUM;XIRECS;9987.0;4
212100;;;INTARIAN_PEPPER_ROOT;XIRECS;12215.0;4
212700;;;ASH_COATED_OSMIUM;XIRECS;9987.0;5
215000;;;INTARIAN_PEPPER_ROOT;XIRECS;12225.0;5
217000;;;INTARIAN_PEPPER_ROOT;XIRECS;12224.0;5
220600;;;INTARIAN_PEPPER_ROOT;XIRECS;12216.0;2
222900;;;ASH_COATED_OSMIUM;XIRECS;10011.0;2
224800;;;ASH_COATED_OSMIUM;XIRECS;10008.0;5
224900;;;ASH_COATED_OSMIUM;XIRECS;10008.0;5
225000;;;INTARIAN_PEPPER_ROOT;XIRECS;12218.0;7
226200;;;ASH_COATED_OSMIUM;XIRECS;9989.0;6
227600;;;ASH_COATED_OSMIUM;XIRECS;9990.0;4
229200;;;ASH_COATED_OSMIUM;XIRECS;10001.0;2
229600;;;ASH_COATED_OSMIUM;XIRECS;10011.0;5
235600;;;ASH_COATED_OSMIUM;XIRECS;9989.0;8
236100;;;ASH_COATED_OSMIUM;XIRECS;9989.0;4
236500;;;ASH_COATED_OSMIUM;XIRECS;9989.0;1
236600;;;ASH_COATED_OSMIUM;XIRECS;9990.0;3
237000;;;ASH_COATED_OSMIUM;XIRECS;10005.0;5
237100;;;ASH_COATED_OSMIUM;XIRECS;9987.0;2
237500;;;INTARIAN_PEPPER_ROOT;XIRECS;12244.0;4
241700;;;ASH_COATED_OSMIUM;XIRECS;9988.0;5
242000;;;INTARIAN_PEPPER_ROOT;XIRECS;12249.0;5
243200;;;ASH_COATED_OSMIUM;XIRECS;10003.0;5
243500;;;INTARIAN_PEPPER_ROOT;XIRECS;12247.0;2
243700;;;ASH_COATED_OSMIUM;XIRECS;10006.0;5
247600;;;ASH_COATED_OSMIUM;XIRECS;9985.0;6
248700;;;INTARIAN_PEPPER_ROOT;XIRECS;12242.0;4
252300;;;ASH_COATED_OSMIUM;XIRECS;10001.0;4
252400;;;ASH_COATED_OSMIUM;XIRECS;10004.0;6
258300;;;ASH_COATED_OSMIUM;XIRECS;10003.0;8
258400;;;ASH_COATED_OSMIUM;XIRECS;10004.0;3
259400;;;ASH_COATED_OSMIUM;XIRECS;9989.0;7
260100;;;INTARIAN_PEPPER_ROOT;XIRECS;12267.0;4
260600;;;ASH_COATED_OSMIUM;XIRECS;10006.0;1
261300;;;ASH_COATED_OSMIUM;XIRECS;9988.0;1
264100;;;INTARIAN_PEPPER_ROOT;XIRECS;12254.0;3
265000;;;ASH_COATED_OSMIUM;XIRECS;9991.0;7
267000;;;ASH_COATED_OSMIUM;XIRECS;9993.0;7
267500;;;INTARIAN_PEPPER_ROOT;XIRECS;12261.0;2
268800;;;ASH_COATED_OSMIUM;XIRECS;10012.0;4
269400;;;ASH_COATED_OSMIUM;XIRECS;9993.0;2
270400;;;ASH_COATED_OSMIUM;XIRECS;10011.0;2
271100;;;INTARIAN_PEPPER_ROOT;XIRECS;12267.0;2
271800;;;ASH_COATED_OSMIUM;XIRECS;10011.0;3
272800;;;ASH_COATED_OSMIUM;XIRECS;10012.0;5
274100;;;INTARIAN_PEPPER_ROOT;XIRECS;12270.0;6
275600;;;ASH_COATED_OSMIUM;XIRECS;10011.0;3
280900;;;ASH_COATED_OSMIUM;XIRECS;9994.0;1
282600;;;INTARIAN_PEPPER_ROOT;XIRECS;12286.0;2
282700;;;ASH_COATED_OSMIUM;XIRECS;10004.0;2
291400;;;ASH_COATED_OSMIUM;XIRECS;9994.0;3
295500;;;ASH_COATED_OSMIUM;XIRECS;10009.0;6
297300;;;ASH_COATED_OSMIUM;XIRECS;10011.0;3
299500;;;ASH_COATED_OSMIUM;XIRECS;9993.0;1
300000;;;INTARIAN_PEPPER_ROOT;XIRECS;12307.0;6
301400;;;INTARIAN_PEPPER_ROOT;XIRECS;12311.0;7
301600;;;ASH_COATED_OSMIUM;XIRECS;9994.0;9
302800;;;ASH_COATED_OSMIUM;XIRECS;10003.0;1
306000;;;INTARIAN_PEPPER_ROOT;XIRECS;12309.0;4
306200;;;ASH_COATED_OSMIUM;XIRECS;9994.0;4
306500;;;ASH_COATED_OSMIUM;XIRECS;10010.0;4
307600;;;ASH_COATED_OSMIUM;XIRECS;9994.0;5
310000;;;ASH_COATED_OSMIUM;XIRECS;10008.0;6
310900;;;ASH_COATED_OSMIUM;XIRECS;10009.0;5
311200;;;INTARIAN_PEPPER_ROOT;XIRECS;12301.0;3
313100;;;ASH_COATED_OSMIUM;XIRECS;9995.0;2
313600;;;ASH_COATED_OSMIUM;XIRECS;10012.0;3
314400;;;INTARIAN_PEPPER_ROOT;XIRECS;12321.0;5
320900;;;ASH_COATED_OSMIUM;XIRECS;10016.0;4
323500;;;ASH_COATED_OSMIUM;XIRECS;9994.0;5
325000;;;ASH_COATED_OSMIUM;XIRECS;10009.0;4
327400;;;INTARIAN_PEPPER_ROOT;XIRECS;12321.0;5
327600;;;INTARIAN_PEPPER_ROOT;XIRECS;12334.0;2
330600;;;ASH_COATED_OSMIUM;XIRECS;9994.0;2
334400;;;INTARIAN_PEPPER_ROOT;XIRECS;12341.0;3
335300;;;INTARIAN_PEPPER_ROOT;XIRECS;12342.0;2
335400;;;INTARIAN_PEPPER_ROOT;XIRECS;12339.0;6
335800;;;ASH_COATED_OSMIUM;XIRECS;9994.0;3
336000;;;ASH_COATED_OSMIUM;XIRECS;9995.0;6
336400;;;ASH_COATED_OSMIUM;XIRECS;10012.0;7
336500;;;INTARIAN_PEPPER_ROOT;XIRECS;12343.0;5
336800;;;ASH_COATED_OSMIUM;XIRECS;9994.0;3
336800;;;INTARIAN_PEPPER_ROOT;XIRECS;12333.0;4
337200;;;ASH_COATED_OSMIUM;XIRECS;9993.0;4
337300;;;ASH_COATED_OSMIUM;XIRECS;9995.0;4
337400;;;INTARIAN_PEPPER_ROOT;XIRECS;12328.0;6
341200;;;ASH_COATED_OSMIUM;XIRECS;9994.0;1
344000;;;INTARIAN_PEPPER_ROOT;XIRECS;12340.0;2
344200;;;ASH_COATED_OSMIUM;XIRECS;9996.0;2
350900;;;INTARIAN_PEPPER_ROOT;XIRECS;12358.0;3
351800;;;ASH_COATED_OSMIUM;XIRECS;10010.0;3
351900;;;INTARIAN_PEPPER_ROOT;XIRECS;12345.0;6
352300;;;INTARIAN_PEPPER_ROOT;XIRECS;12356.0;7
352500;;;INTARIAN_PEPPER_ROOT;XIRECS;12359.0;5
353000;;;ASH_COATED_OSMIUM;XIRECS;9993.0;3
356700;;;ASH_COATED_OSMIUM;XIRECS;10011.0;8
356800;;;INTARIAN_PEPPER_ROOT;XIRECS;12350.0;5
357500;;;ASH_COATED_OSMIUM;XIRECS;9996.0;2
358000;;;INTARIAN_PEPPER_ROOT;XIRECS;12351.0;3
358400;;;ASH_COATED_OSMIUM;XIRECS;10011.0;3
359300;;;ASH_COATED_OSMIUM;XIRECS;9995.0;2
360800;;;INTARIAN_PEPPER_ROOT;XIRECS;12367.0;5
361400;;;ASH_COATED_OSMIUM;XIRECS;9994.0;4
361600;;;INTARIAN_PEPPER_ROOT;XIRECS;12357.0;4
363200;;;ASH_COATED_OSMIUM;XIRECS;10010.0;2
367300;;;INTARIAN_PEPPER_ROOT;XIRECS;12361.0;5
371200;;;INTARIAN_PEPPER_ROOT;XIRECS;12365.0;3
372300;;;INTARIAN_PEPPER_ROOT;XIRECS;12368.0;4
374600;;;INTARIAN_PEPPER_ROOT;XIRECS;12381.0;3
375300;;;ASH_COATED_OSMIUM;XIRECS;9995.0;3
375400;;;ASH_COATED_OSMIUM;XIRECS;10010.0;3
376700;;;INTARIAN_PEPPER_ROOT;XIRECS;12372.0;7
377400;;;ASH_COATED_OSMIUM;XIRECS;9994.0;3
380800;;;INTARIAN_PEPPER_ROOT;XIRECS;12387.0;3
380900;;;ASH_COATED_OSMIUM;XIRECS;9995.0;7
381000;;;ASH_COATED_OSMIUM;XIRECS;10010.0;2
383000;;;ASH_COATED_OSMIUM;XIRECS;10009.0;5
384000;;;ASH_COATED_OSMIUM;XIRECS;9990.0;3
389800;;;ASH_COATED_OSMIUM;XIRECS;10009.0;8
389900;;;ASH_COATED_OSMIUM;XIRECS;9990.0;6
390400;;;ASH_COATED_OSMIUM;XIRECS;9993.0;8
392300;;;ASH_COATED_OSMIUM;XIRECS;10010.0;2
401000;;;INTARIAN_PEPPER_ROOT;XIRECS;12397.0;6
402400;;;ASH_COATED_OSMIUM;XIRECS;9994.0;4
405200;;;ASH_COATED_OSMIUM;XIRECS;9992.0;1
407400;;;ASH_COATED_OSMIUM;XIRECS;10010.0;2
412600;;;ASH_COATED_OSMIUM;XIRECS;9992.0;4
414000;;;ASH_COATED_OSMIUM;XIRECS;10010.0;5
416100;;;ASH_COATED_OSMIUM;XIRECS;9994.0;2
424700;;;ASH_COATED_OSMIUM;XIRECS;9990.0;5
424900;;;INTARIAN_PEPPER_ROOT;XIRECS;12432.0;6
427600;;;INTARIAN_PEPPER_ROOT;XIRECS;12421.0;4
430100;;;ASH_COATED_OSMIUM;XIRECS;10007.0;4
432100;;;INTARIAN_PEPPER_ROOT;XIRECS;12428.0;6
432800;;;ASH_COATED_OSMIUM;XIRECS;9991.0;4
433700;;;ASH_COATED_OSMIUM;XIRECS;9990.0;5
435400;;;ASH_COATED_OSMIUM;XIRECS;9989.0;2
436100;;;INTARIAN_PEPPER_ROOT;XIRECS;12439.0;4
437600;;;INTARIAN_PEPPER_ROOT;XIRECS;12428.0;3
439100;;;ASH_COATED_OSMIUM;XIRECS;10008.0;5
439800;;;ASH_COATED_OSMIUM;XIRECS;10011.0;7
440300;;;ASH_COATED_OSMIUM;XIRECS;10008.0;3
440700;;;ASH_COATED_OSMIUM;XIRECS;9991.0;1
440800;;;INTARIAN_PEPPER_ROOT;XIRECS;12434.0;3
442100;;;ASH_COATED_OSMIUM;XIRECS;10003.0;2
442700;;;ASH_COATED_OSMIUM;XIRECS;10010.0;6
443000;;;ASH_COATED_OSMIUM;XIRECS;10010.0;3
444200;;;ASH_COATED_OSMIUM;XIRECS;10010.0;7
445000;;;ASH_COATED_OSMIUM;XIRECS;10010.0;7
447800;;;INTARIAN_PEPPER_ROOT;XIRECS;12455.0;4
449100;;;ASH_COATED_OSMIUM;XIRECS;9995.0;7
450800;;;ASH_COATED_OSMIUM;XIRECS;10001.0;3
451800;;;ASH_COATED_OSMIUM;XIRECS;9996.0;4
452300;;;ASH_COATED_OSMIUM;XIRECS;10012.0;6
453000;;;INTARIAN_PEPPER_ROOT;XIRECS;12456.0;3
453400;;;ASH_COATED_OSMIUM;XIRECS;9998.0;6
453800;;;INTARIAN_PEPPER_ROOT;XIRECS;12450.0;6
456000;;;ASH_COATED_OSMIUM;XIRECS;10015.0;3
456100;;;INTARIAN_PEPPER_ROOT;XIRECS;12446.0;6
457600;;;INTARIAN_PEPPER_ROOT;XIRECS;12461.0;3
458700;;;INTARIAN_PEPPER_ROOT;XIRECS;12469.0;6
461900;;;INTARIAN_PEPPER_ROOT;XIRECS;12469.0;3
464300;;;INTARIAN_PEPPER_ROOT;XIRECS;12471.0;1
465500;;;ASH_COATED_OSMIUM;XIRECS;10013.0;2
466000;;;INTARIAN_PEPPER_ROOT;XIRECS;12462.0;2
467300;;;INTARIAN_PEPPER_ROOT;XIRECS;12461.0;1
468100;;;ASH_COATED_OSMIUM;XIRECS;9995.0;7
471900;;;ASH_COATED_OSMIUM;XIRECS;10014.0;6
473000;;;INTARIAN_PEPPER_ROOT;XIRECS;12476.0;2
474000;;;INTARIAN_PEPPER_ROOT;XIRECS;12477.0;4
477200;;;ASH_COATED_OSMIUM;XIRECS;9991.0;5
477600;;;INTARIAN_PEPPER_ROOT;XIRECS;12484.0;4
478600;;;ASH_COATED_OSMIUM;XIRECS;9991.0;3
482100;;;INTARIAN_PEPPER_ROOT;XIRECS;12475.0;5
482600;;;ASH_COATED_OSMIUM;XIRECS;9989.0;4
487200;;;ASH_COATED_OSMIUM;XIRECS;10008.0;2
487500;;;ASH_COATED_OSMIUM;XIRECS;9990.0;3
487700;;;ASH_COATED_OSMIUM;XIRECS;9990.0;3
489400;;;INTARIAN_PEPPER_ROOT;XIRECS;12483.0;3
489700;;;ASH_COATED_OSMIUM;XIRECS;10013.0;7
490300;;;INTARIAN_PEPPER_ROOT;XIRECS;12484.0;5
493800;;;INTARIAN_PEPPER_ROOT;XIRECS;12487.0;3
495800;;;INTARIAN_PEPPER_ROOT;XIRECS;12489.0;3
498900;;;ASH_COATED_OSMIUM;XIRECS;9992.0;7
500000;;;ASH_COATED_OSMIUM;XIRECS;9990.0;3
500000;;;INTARIAN_PEPPER_ROOT;XIRECS;12503.0;2
501300;;;INTARIAN_PEPPER_ROOT;XIRECS;12505.0;5
502100;;;ASH_COATED_OSMIUM;XIRECS;9991.0;4
503100;;;ASH_COATED_OSMIUM;XIRECS;9996.0;2
503300;;;INTARIAN_PEPPER_ROOT;XIRECS;12497.0;3
507800;;;INTARIAN_PEPPER_ROOT;XIRECS;12501.0;2
512800;;;INTARIAN_PEPPER_ROOT;XIRECS;12520.0;4
514300;;;ASH_COATED_OSMIUM;XIRECS;9995.0;4
516100;;;ASH_COATED_OSMIUM;XIRECS;10013.0;5
517200;;;ASH_COATED_OSMIUM;XIRECS;10012.0;4
520700;;;INTARIAN_PEPPER_ROOT;XIRECS;12514.0;5
521800;;;ASH_COATED_OSMIUM;XIRECS;9996.0;4
522500;;;ASH_COATED_OSMIUM;XIRECS;10008.0;5
525700;;;ASH_COATED_OSMIUM;XIRECS;9997.0;4
531600;;;INTARIAN_PEPPER_ROOT;XIRECS;12525.0;4
532300;;;ASH_COATED_OSMIUM;XIRECS;9998.0;3
536100;;;ASH_COATED_OSMIUM;XIRECS;10003.0;5
536700;;;INTARIAN_PEPPER_ROOT;XIRECS;12543.0;2
537200;;;ASH_COATED_OSMIUM;XIRECS;10019.0;3
539900;;;INTARIAN_PEPPER_ROOT;XIRECS;12533.0;5
540100;;;ASH_COATED_OSMIUM;XIRECS;10020.0;2
544700;;;INTARIAN_PEPPER_ROOT;XIRECS;12548.0;7
547300;;;ASH_COATED_OSMIUM;XIRECS;10005.0;6
552900;;;ASH_COATED_OSMIUM;XIRECS;10005.0;7
554400;;;ASH_COATED_OSMIUM;XIRECS;10004.0;7
555700;;;INTARIAN_PEPPER_ROOT;XIRECS;12551.0;6
556700;;;ASH_COATED_OSMIUM;XIRECS;10005.0;2
556700;;;INTARIAN_PEPPER_ROOT;XIRECS;12552.0;7
556800;;;INTARIAN_PEPPER_ROOT;XIRECS;12564.0;3
557700;;;ASH_COATED_OSMIUM;XIRECS;10003.0;5
560300;;;ASH_COATED_OSMIUM;XIRECS;10019.0;6
561300;;;INTARIAN_PEPPER_ROOT;XIRECS;12557.0;3
563700;;;ASH_COATED_OSMIUM;XIRECS;10016.0;3
564900;;;INTARIAN_PEPPER_ROOT;XIRECS;12561.0;4
566100;;;INTARIAN_PEPPER_ROOT;XIRECS;12562.0;3
566600;;;ASH_COATED_OSMIUM;XIRECS;10018.0;5
573000;;;ASH_COATED_OSMIUM;XIRECS;10016.0;2
573500;;;INTARIAN_PEPPER_ROOT;XIRECS;12569.0;4
574000;;;ASH_COATED_OSMIUM;XIRECS;10001.0;2
579600;;;INTARIAN_PEPPER_ROOT;XIRECS;12590.0;4
579800;;;INTARIAN_PEPPER_ROOT;XIRECS;12587.0;7
580300;;;INTARIAN_PEPPER_ROOT;XIRECS;12574.0;5
582300;;;INTARIAN_PEPPER_ROOT;XIRECS;12576.0;4
584000;;;ASH_COATED_OSMIUM;XIRECS;10013.0;8
584400;;;INTARIAN_PEPPER_ROOT;XIRECS;12591.0;2
585300;;;INTARIAN_PEPPER_ROOT;XIRECS;12579.0;4
590100;;;ASH_COATED_OSMIUM;XIRECS;10012.0;2
590400;;;INTARIAN_PEPPER_ROOT;XIRECS;12600.0;2
593800;;;INTARIAN_PEPPER_ROOT;XIRECS;12601.0;2
600500;;;INTARIAN_PEPPER_ROOT;XIRECS;12594.0;3
600600;;;ASH_COATED_OSMIUM;XIRECS;9993.0;5
602900;;;ASH_COATED_OSMIUM;XIRECS;10002.0;2
605900;;;INTARIAN_PEPPER_ROOT;XIRECS;12599.0;3
611400;;;ASH_COATED_OSMIUM;XIRECS;9993.0;3
612000;;;ASH_COATED_OSMIUM;XIRECS;10001.0;2
615600;;;ASH_COATED_OSMIUM;XIRECS;10009.0;5
619500;;;INTARIAN_PEPPER_ROOT;XIRECS;12626.0;5
620700;;;ASH_COATED_OSMIUM;XIRECS;10011.0;7
622700;;;ASH_COATED_OSMIUM;XIRECS;10016.0;3
623400;;;INTARIAN_PEPPER_ROOT;XIRECS;12633.0;5
624500;;;ASH_COATED_OSMIUM;XIRECS;9995.0;5
628900;;;ASH_COATED_OSMIUM;XIRECS;10008.0;4
631100;;;INTARIAN_PEPPER_ROOT;XIRECS;12624.0;5
632100;;;ASH_COATED_OSMIUM;XIRECS;10009.0;5
634000;;;ASH_COATED_OSMIUM;XIRECS;9995.0;1
634400;;;INTARIAN_PEPPER_ROOT;XIRECS;12638.0;4
634500;;;INTARIAN_PEPPER_ROOT;XIRECS;12644.0;2
636500;;;INTARIAN_PEPPER_ROOT;XIRECS;12630.0;4
637100;;;INTARIAN_PEPPER_ROOT;XIRECS;12647.0;6
639000;;;INTARIAN_PEPPER_ROOT;XIRECS;12646.0;2
639100;;;ASH_COATED_OSMIUM;XIRECS;10012.0;5
639300;;;INTARIAN_PEPPER_ROOT;XIRECS;12632.0;2
640000;;;INTARIAN_PEPPER_ROOT;XIRECS;12633.0;4
640200;;;INTARIAN_PEPPER_ROOT;XIRECS;12647.0;6
640400;;;ASH_COATED_OSMIUM;XIRECS;9996.0;3
641500;;;INTARIAN_PEPPER_ROOT;XIRECS;12645.0;4
641800;;;ASH_COATED_OSMIUM;XIRECS;10012.0;4
642300;;;INTARIAN_PEPPER_ROOT;XIRECS;12652.0;4
642700;;;ASH_COATED_OSMIUM;XIRECS;10015.0;6
643100;;;INTARIAN_PEPPER_ROOT;XIRECS;12636.0;4
644100;;;ASH_COATED_OSMIUM;XIRECS;10011.0;5
645400;;;ASH_COATED_OSMIUM;XIRECS;9995.0;1
645700;;;ASH_COATED_OSMIUM;XIRECS;10011.0;8
646000;;;INTARIAN_PEPPER_ROOT;XIRECS;12653.0;4
650400;;;ASH_COATED_OSMIUM;XIRECS;9993.0;3
653200;;;INTARIAN_PEPPER_ROOT;XIRECS;12663.0;4
654800;;;ASH_COATED_OSMIUM;XIRECS;9991.0;3
655900;;;ASH_COATED_OSMIUM;XIRECS;9991.0;3
656900;;;ASH_COATED_OSMIUM;XIRECS;9990.0;7
658000;;;ASH_COATED_OSMIUM;XIRECS;9991.0;2
658300;;;ASH_COATED_OSMIUM;XIRECS;10006.0;1
660200;;;ASH_COATED_OSMIUM;XIRECS;10003.0;2
666800;;;ASH_COATED_OSMIUM;XIRECS;9981.0;3
668000;;;ASH_COATED_OSMIUM;XIRECS;10000.0;2
668400;;;INTARIAN_PEPPER_ROOT;XIRECS;12675.0;4
670000;;;INTARIAN_PEPPER_ROOT;XIRECS;12677.0;4
672400;;;INTARIAN_PEPPER_ROOT;XIRECS;12662.0;2
673600;;;ASH_COATED_OSMIUM;XIRECS;9990.0;7
673600;;;INTARIAN_PEPPER_ROOT;XIRECS;12677.0;6
677100;;;ASH_COATED_OSMIUM;XIRECS;9985.0;1
677700;;;INTARIAN_PEPPER_ROOT;XIRECS;12671.0;3
678000;;;INTARIAN_PEPPER_ROOT;XIRECS;12671.0;1
679200;;;ASH_COATED_OSMIUM;XIRECS;10002.0;5
681900;;;INTARIAN_PEPPER_ROOT;XIRECS;12689.0;5
682900;;;ASH_COATED_OSMIUM;XIRECS;10003.0;3
683100;;;INTARIAN_PEPPER_ROOT;XIRECS;12690.0;4
687500;;;INTARIAN_PEPPER_ROOT;XIRECS;12681.0;4
687700;;;INTARIAN_PEPPER_ROOT;XIRECS;12683.0;7
689500;;;ASH_COATED_OSMIUM;XIRECS;10002.0;4
690100;;;INTARIAN_PEPPER_ROOT;XIRECS;12700.0;5
690300;;;ASH_COATED_OSMIUM;XIRECS;9984.0;5
690400;;;INTARIAN_PEPPER_ROOT;XIRECS;12680.0;3
690800;;;ASH_COATED_OSMIUM;XIRECS;9983.0;3
691800;;;INTARIAN_PEPPER_ROOT;XIRECS;12685.0;7
692200;;;INTARIAN_PEPPER_ROOT;XIRECS;12682.0;4
700300;;;ASH_COATED_OSMIUM;XIRECS;9997.0;5
700400;;;ASH_COATED_OSMIUM;XIRECS;9981.0;3
701000;;;INTARIAN_PEPPER_ROOT;XIRECS;12697.0;2
702100;;;INTARIAN_PEPPER_ROOT;XIRECS;12709.0;5
703000;;;INTARIAN_PEPPER_ROOT;XIRECS;12696.0;3
703100;;;ASH_COATED_OSMIUM;XIRECS;9983.0;3
703900;;;ASH_COATED_OSMIUM;XIRECS;9984.0;2
705400;;;ASH_COATED_OSMIUM;XIRECS;9984.0;6
707800;;;ASH_COATED_OSMIUM;XIRECS;9982.0;3
708700;;;ASH_COATED_OSMIUM;XIRECS;9982.0;3
708800;;;INTARIAN_PEPPER_ROOT;XIRECS;12716.0;4
710200;;;ASH_COATED_OSMIUM;XIRECS;10000.0;7
712100;;;ASH_COATED_OSMIUM;XIRECS;9997.0;3
714900;;;ASH_COATED_OSMIUM;XIRECS;9985.0;5
717400;;;INTARIAN_PEPPER_ROOT;XIRECS;12724.0;2
720400;;;ASH_COATED_OSMIUM;XIRECS;9996.0;3
722300;;;INTARIAN_PEPPER_ROOT;XIRECS;12726.0;2
723100;;;ASH_COATED_OSMIUM;XIRECS;9979.0;4
724700;;;INTARIAN_PEPPER_ROOT;XIRECS;12732.0;4
726200;;;ASH_COATED_OSMIUM;XIRECS;9981.0;2
727600;;;INTARIAN_PEPPER_ROOT;XIRECS;12734.0;3
728600;;;INTARIAN_PEPPER_ROOT;XIRECS;12722.0;3
729100;;;ASH_COATED_OSMIUM;XIRECS;9999.0;7
730400;;;ASH_COATED_OSMIUM;XIRECS;9999.0;6
730500;;;ASH_COATED_OSMIUM;XIRECS;9980.0;4
731200;;;ASH_COATED_OSMIUM;XIRECS;9999.0;5
733700;;;INTARIAN_PEPPER_ROOT;XIRECS;12744.0;3
734800;;;ASH_COATED_OSMIUM;XIRECS;10001.0;1
734900;;;ASH_COATED_OSMIUM;XIRECS;9985.0;5
736500;;;ASH_COATED_OSMIUM;XIRECS;9999.0;4
742000;;;INTARIAN_PEPPER_ROOT;XIRECS;12738.0;6
745700;;;ASH_COATED_OSMIUM;XIRECS;9985.0;4
750200;;;ASH_COATED_OSMIUM;XIRECS;9995.0;3
751900;;;ASH_COATED_OSMIUM;XIRECS;10005.0;3
753700;;;ASH_COATED_OSMIUM;XIRECS;9998.0;1
754000;;;ASH_COATED_OSMIUM;XIRECS;10005.0;5
755500;;;ASH_COATED_OSMIUM;XIRECS;10005.0;4
755900;;;INTARIAN_PEPPER_ROOT;XIRECS;12766.0;3
756200;;;ASH_COATED_OSMIUM;XIRECS;9989.0;4
756600;;;ASH_COATED_OSMIUM;XIRECS;9990.0;9
757200;;;ASH_COATED_OSMIUM;XIRECS;9990.0;8
758300;;;ASH_COATED_OSMIUM;XIRECS;9988.0;4
761800;;;INTARIAN_PEPPER_ROOT;XIRECS;12757.0;5
763200;;;INTARIAN_PEPPER_ROOT;XIRECS;12770.0;4
763700;;;ASH_COATED_OSMIUM;XIRECS;9987.0;3
763800;;;INTARIAN_PEPPER_ROOT;XIRECS;12771.0;6
763900;;;ASH_COATED_OSMIUM;XIRECS;9989.0;6
764500;;;INTARIAN_PEPPER_ROOT;XIRECS;12758.0;4
766000;;;INTARIAN_PEPPER_ROOT;XIRECS;12769.0;3
767000;;;ASH_COATED_OSMIUM;XIRECS;10006.0;7
775000;;;ASH_COATED_OSMIUM;XIRECS;9996.0;3
775500;;;INTARIAN_PEPPER_ROOT;XIRECS;12779.0;6
777000;;;INTARIAN_PEPPER_ROOT;XIRECS;12770.0;5
777200;;;ASH_COATED_OSMIUM;XIRECS;10007.0;6
777200;;;INTARIAN_PEPPER_ROOT;XIRECS;12767.0;2
779900;;;ASH_COATED_OSMIUM;XIRECS;10005.0;1
782500;;;ASH_COATED_OSMIUM;XIRECS;10008.0;5
785300;;;INTARIAN_PEPPER_ROOT;XIRECS;12775.0;3
788000;;;ASH_COATED_OSMIUM;XIRECS;10008.0;5
791700;;;ASH_COATED_OSMIUM;XIRECS;9989.0;4
792300;;;ASH_COATED_OSMIUM;XIRECS;10005.0;8
793700;;;ASH_COATED_OSMIUM;XIRECS;10005.0;8
793900;;;INTARIAN_PEPPER_ROOT;XIRECS;12801.0;4
796100;;;INTARIAN_PEPPER_ROOT;XIRECS;12799.0;3
796300;;;ASH_COATED_OSMIUM;XIRECS;9987.0;4
796500;;;INTARIAN_PEPPER_ROOT;XIRECS;12790.0;4
802000;;;ASH_COATED_OSMIUM;XIRECS;9997.0;4
802400;;;ASH_COATED_OSMIUM;XIRECS;9994.0;1
803100;;;ASH_COATED_OSMIUM;XIRECS;10006.0;4
805000;;;ASH_COATED_OSMIUM;XIRECS;10006.0;6
805800;;;ASH_COATED_OSMIUM;XIRECS;9991.0;2
806400;;;INTARIAN_PEPPER_ROOT;XIRECS;12817.0;2
810500;;;ASH_COATED_OSMIUM;XIRECS;10014.0;1
811900;;;INTARIAN_PEPPER_ROOT;XIRECS;12802.0;5
813200;;;INTARIAN_PEPPER_ROOT;XIRECS;12803.0;3
815400;;;ASH_COATED_OSMIUM;XIRECS;10010.0;3
815900;;;INTARIAN_PEPPER_ROOT;XIRECS;12819.0;3
821100;;;ASH_COATED_OSMIUM;XIRECS;10011.0;7
823200;;;ASH_COATED_OSMIUM;XIRECS;10004.0;3
823500;;;INTARIAN_PEPPER_ROOT;XIRECS;12827.0;6
825200;;;INTARIAN_PEPPER_ROOT;XIRECS;12829.0;4
825700;;;INTARIAN_PEPPER_ROOT;XIRECS;12829.0;5
829800;;;INTARIAN_PEPPER_ROOT;XIRECS;12820.0;6
833400;;;INTARIAN_PEPPER_ROOT;XIRECS;12823.0;2
835700;;;ASH_COATED_OSMIUM;XIRECS;10016.0;7
836800;;;ASH_COATED_OSMIUM;XIRECS;9999.0;6
837300;;;INTARIAN_PEPPER_ROOT;XIRECS;12844.0;3
839500;;;ASH_COATED_OSMIUM;XIRECS;10015.0;2
840900;;;INTARIAN_PEPPER_ROOT;XIRECS;12837.0;7
842800;;;ASH_COATED_OSMIUM;XIRECS;10013.0;4
843100;;;ASH_COATED_OSMIUM;XIRECS;9997.0;4
843200;;;ASH_COATED_OSMIUM;XIRECS;9997.0;4
844800;;;INTARIAN_PEPPER_ROOT;XIRECS;12840.0;4
845100;;;ASH_COATED_OSMIUM;XIRECS;10013.0;3
845400;;;INTARIAN_PEPPER_ROOT;XIRECS;12841.0;6
846200;;;INTARIAN_PEPPER_ROOT;XIRECS;12839.0;3
846700;;;INTARIAN_PEPPER_ROOT;XIRECS;12857.0;3
847200;;;INTARIAN_PEPPER_ROOT;XIRECS;12854.0;4
847500;;;ASH_COATED_OSMIUM;XIRECS;10014.0;5
852100;;;ASH_COATED_OSMIUM;XIRECS;9999.0;3
852300;;;ASH_COATED_OSMIUM;XIRECS;9998.0;1
854300;;;INTARIAN_PEPPER_ROOT;XIRECS;12861.0;2
857700;;;INTARIAN_PEPPER_ROOT;XIRECS;12851.0;3
859500;;;ASH_COATED_OSMIUM;XIRECS;9992.0;4
861000;;;INTARIAN_PEPPER_ROOT;XIRECS;12857.0;3
861600;;;ASH_COATED_OSMIUM;XIRECS;9999.0;2
861900;;;INTARIAN_PEPPER_ROOT;XIRECS;12855.0;6
864800;;;ASH_COATED_OSMIUM;XIRECS;10006.0;6
865000;;;ASH_COATED_OSMIUM;XIRECS;9990.0;6
867600;;;ASH_COATED_OSMIUM;XIRECS;9991.0;2
870000;;;INTARIAN_PEPPER_ROOT;XIRECS;12880.0;4
870700;;;ASH_COATED_OSMIUM;XIRECS;10007.0;5
871300;;;ASH_COATED_OSMIUM;XIRECS;9990.0;2
871500;;;ASH_COATED_OSMIUM;XIRECS;10007.0;2
874000;;;ASH_COATED_OSMIUM;XIRECS;9992.0;3
875800;;;INTARIAN_PEPPER_ROOT;XIRECS;12869.0;2
877900;;;ASH_COATED_OSMIUM;XIRECS;9991.0;6
878000;;;INTARIAN_PEPPER_ROOT;XIRECS;12874.0;3
880600;;;ASH_COATED_OSMIUM;XIRECS;9992.0;3
881200;;;INTARIAN_PEPPER_ROOT;XIRECS;12885.0;3
883700;;;INTARIAN_PEPPER_ROOT;XIRECS;12877.0;5
887000;;;INTARIAN_PEPPER_ROOT;XIRECS;12890.0;4
887700;;;ASH_COATED_OSMIUM;XIRECS;10005.0;6
889300;;;INTARIAN_PEPPER_ROOT;XIRECS;12896.0;4
891200;;;INTARIAN_PEPPER_ROOT;XIRECS;12901.0;6
891400;;;INTARIAN_PEPPER_ROOT;XIRECS;12895.0;3
892900;;;ASH_COATED_OSMIUM;XIRECS;10006.0;5
893000;;;ASH_COATED_OSMIUM;XIRECS;9987.0;4
898100;;;INTARIAN_PEPPER_ROOT;XIRECS;12894.0;4
899200;;;ASH_COATED_OSMIUM;XIRECS;10011.0;3
899500;;;INTARIAN_PEPPER_ROOT;XIRECS;12906.0;4
901500;;;ASH_COATED_OSMIUM;XIRECS;10008.0;6
904900;;;ASH_COATED_OSMIUM;XIRECS;9992.0;3
905000;;;ASH_COATED_OSMIUM;XIRECS;9995.0;7
905100;;;INTARIAN_PEPPER_ROOT;XIRECS;12912.0;4
905700;;;ASH_COATED_OSMIUM;XIRECS;10014.0;4
907600;;;INTARIAN_PEPPER_ROOT;XIRECS;12915.0;5
907700;;;INTARIAN_PEPPER_ROOT;XIRECS;12915.0;6
909200;;;ASH_COATED_OSMIUM;XIRECS;9998.0;4
909900;;;ASH_COATED_OSMIUM;XIRECS;10016.0;8
911000;;;ASH_COATED_OSMIUM;XIRECS;10016.0;2
911000;;;INTARIAN_PEPPER_ROOT;XIRECS;12904.0;5
912600;;;INTARIAN_PEPPER_ROOT;XIRECS;12920.0;7
917900;;;ASH_COATED_OSMIUM;XIRECS;10018.0;5
918600;;;INTARIAN_PEPPER_ROOT;XIRECS;12926.0;4
918800;;;ASH_COATED_OSMIUM;XIRECS;9999.0;3
920500;;;ASH_COATED_OSMIUM;XIRECS;10019.0;1
920500;;;INTARIAN_PEPPER_ROOT;XIRECS;12927.0;3
921100;;;INTARIAN_PEPPER_ROOT;XIRECS;12928.0;4
921200;;;ASH_COATED_OSMIUM;XIRECS;10020.0;7
922700;;;INTARIAN_PEPPER_ROOT;XIRECS;12930.0;1
922800;;;INTARIAN_PEPPER_ROOT;XIRECS;12916.0;6
923300;;;ASH_COATED_OSMIUM;XIRECS;10001.0;3
923800;;;ASH_COATED_OSMIUM;XIRECS;10011.0;4
927200;;;INTARIAN_PEPPER_ROOT;XIRECS;12931.0;2
928100;;;ASH_COATED_OSMIUM;XIRECS;9998.0;3
928700;;;ASH_COATED_OSMIUM;XIRECS;9999.0;4
929300;;;ASH_COATED_OSMIUM;XIRECS;10014.0;2
930600;;;ASH_COATED_OSMIUM;XIRECS;9998.0;6
932600;;;ASH_COATED_OSMIUM;XIRECS;10016.0;7
933700;;;INTARIAN_PEPPER_ROOT;XIRECS;12941.0;6
935900;;;ASH_COATED_OSMIUM;XIRECS;9999.0;5
938100;;;INTARIAN_PEPPER_ROOT;XIRECS;12931.0;3
938700;;;ASH_COATED_OSMIUM;XIRECS;10014.0;2
939200;;;ASH_COATED_OSMIUM;XIRECS;10014.0;6
939500;;;ASH_COATED_OSMIUM;XIRECS;10015.0;7
942700;;;INTARIAN_PEPPER_ROOT;XIRECS;12938.0;2
946100;;;ASH_COATED_OSMIUM;XIRECS;9995.0;10
948000;;;INTARIAN_PEPPER_ROOT;XIRECS;12941.0;5
948200;;;INTARIAN_PEPPER_ROOT;XIRECS;12958.0;4
948400;;;ASH_COATED_OSMIUM;XIRECS;10015.0;6
949200;;;ASH_COATED_OSMIUM;XIRECS;10015.0;2
949900;;;INTARIAN_PEPPER_ROOT;XIRECS;12957.0;2
956200;;;ASH_COATED_OSMIUM;XIRECS;10003.0;3
957400;;;INTARIAN_PEPPER_ROOT;XIRECS;12953.0;5
958100;;;INTARIAN_PEPPER_ROOT;XIRECS;12965.0;6
959100;;;INTARIAN_PEPPER_ROOT;XIRECS;12962.0;2
964000;;;ASH_COATED_OSMIUM;XIRECS;10019.0;1
965000;;;INTARIAN_PEPPER_ROOT;XIRECS;12955.0;5
966200;;;INTARIAN_PEPPER_ROOT;XIRECS;12959.0;5
970000;;;INTARIAN_PEPPER_ROOT;XIRECS;12966.0;7
974600;;;ASH_COATED_OSMIUM;XIRECS;10017.0;4
974600;;;INTARIAN_PEPPER_ROOT;XIRECS;12968.0;7
975100;;;ASH_COATED_OSMIUM;XIRECS;10000.0;1
975500;;;ASH_COATED_OSMIUM;XIRECS;10016.0;1
976500;;;INTARIAN_PEPPER_ROOT;XIRECS;12983.0;4
977200;;;INTARIAN_PEPPER_ROOT;XIRECS;12973.0;3
978400;;;INTARIAN_PEPPER_ROOT;XIRECS;12985.0;6
980800;;;ASH_COATED_OSMIUM;XIRECS;10017.0;4
983000;;;INTARIAN_PEPPER_ROOT;XIRECS;12976.0;5
984100;;;ASH_COATED_OSMIUM;XIRECS;10018.0;4
985300;;;ASH_COATED_OSMIUM;XIRECS;9998.0;2
986800;;;ASH_COATED_OSMIUM;XIRECS;9999.0;4
987100;;;ASH_COATED_OSMIUM;XIRECS;10016.0;4
988900;;;ASH_COATED_OSMIUM;XIRECS;9998.0;2
989900;;;INTARIAN_PEPPER_ROOT;XIRECS;12983.0;1
991100;;;INTARIAN_PEPPER_ROOT;XIRECS;12984.0;6
991400;;;ASH_COATED_OSMIUM;XIRECS;10002.0;7
993300;;;ASH_COATED_OSMIUM;XIRECS;10001.0;5
994400;;;INTARIAN_PEPPER_ROOT;XIRECS;12987.0;2
