timestamp;buyer;seller;symbol;currency;price;quantity
0;;;ASH_COATED_OSMIUM;XIRECS;10000.0;5
3600;;;ASH_COATED_OSMIUM;XIRECS;10017.0;3
4200;;;ASH_COATED_OSMIUM;XIRECS;10017.0;2
4400;;;INTARIAN_PEPPER_ROOT;XIRECS;13011.0;4
4800;;;INTARIAN_PEPPER_ROOT;XIRECS;13008.0;3
5000;;;INTARIAN_PEPPER_ROOT;XIRECS;12998.0;5
9100;;;ASH_COATED_OSMIUM;XIRECS;10006.0;4
9600;;;ASH_COATED_OSMIUM;XIRECS;9999.0;5
10000;;;ASH_COATED_OSMIUM;XIRECS;9999.0;6
12100;;;ASH_COATED_OSMIUM;XIRECS;9998.0;1
14000;;;ASH_COATED_OSMIUM;XIRECS;10012.0;3
15100;;;ASH_COATED_OSMIUM;XIRECS;10013.0;7
17400;;;INTARIAN_PEPPER_ROOT;XIRECS;13013.0;3
18500;;;ASH_COATED_OSMIUM;XIRECS;10016.0;6
23000;;;INTARIAN_PEPPER_ROOT;XIRECS;13016.0;2
23100;;;INTARIAN_PEPPER_ROOT;XIRECS;13019.0;2
23900;;;ASH_COATED_OSMIUM;XIRECS;9996.0;2
24600;;;ASH_COATED_OSMIUM;XIRECS;9995.0;2
30400;;;ASH_COATED_OSMIUM;XIRECS;10008.0;2
30400;;;INTARIAN_PEPPER_ROOT;XIRECS;13037.0;2
32800;;;ASH_COATED_OSMIUM;XIRECS;9992.0;2
34000;;;ASH_COATED_OSMIUM;XIRECS;10010.0;7
34400;;;INTARIAN_PEPPER_ROOT;XIRECS;13041.0;2
35700;;;INTARIAN_PEPPER_ROOT;XIRECS;13043.0;5
35700;;;INTARIAN_PEPPER_ROOT;XIRECS;13039.0;2
35800;;;INTARIAN_PEPPER_ROOT;XIRECS;13031.0;5
37900;;;ASH_COATED_OSMIUM;XIRECS;9992.0;4
38400;;;ASH_COATED_OSMIUM;XIRECS;10008.0;3
38500;;;INTARIAN_PEPPER_ROOT;XIRECS;13028.0;5
39900;;;ASH_COATED_OSMIUM;XIRECS;10008.0;5
41500;;;ASH_COATED_OSMIUM;XIRECS;10009.0;5
42800;;;INTARIAN_PEPPER_ROOT;XIRECS;13050.0;3
51400;;;INTARIAN_PEPPER_ROOT;XIRECS;13041.0;3
52600;;;INTARIAN_PEPPER_ROOT;XIRECS;13056.0;7
54600;;;ASH_COATED_OSMIUM;XIRECS;9992.0;4
58400;;;ASH_COATED_OSMIUM;XIRECS;9997.0;3
59500;;;ASH_COATED_OSMIUM;XIRECS;10017.0;2
61700;;;INTARIAN_PEPPER_ROOT;XIRECS;13069.0;3
62000;;;ASH_COATED_OSMIUM;XIRECS;10014.0;4
63700;;;ASH_COATED_OSMIUM;XIRECS;9998.0;1
68000;;;ASH_COATED_OSMIUM;XIRECS;10018.0;2
70400;;;INTARIAN_PEPPER_ROOT;XIRECS;13074.0;2
71500;;;INTARIAN_PEPPER_ROOT;XIRECS;13067.0;2
76300;;;ASH_COATED_OSMIUM;XIRECS;9997.0;6
80200;;;INTARIAN_PEPPER_ROOT;XIRECS;13073.0;4
83000;;;INTARIAN_PEPPER_ROOT;XIRECS;13086.0;4
83700;;;ASH_COATED_OSMIUM;XIRECS;10015.0;1
85500;;;ASH_COATED_OSMIUM;XIRECS;9996.0;6
85700;;;ASH_COATED_OSMIUM;XIRECS;10001.0;2
85900;;;ASH_COATED_OSMIUM;XIRECS;9995.0;3
87900;;;ASH_COATED_OSMIUM;XIRECS;9993.0;4
92500;;;INTARIAN_PEPPER_ROOT;XIRECS;13100.0;5
95100;;;INTARIAN_PEPPER_ROOT;XIRECS;13091.0;7
96100;;;ASH_COATED_OSMIUM;XIRECS;10009.0;2
96900;;;ASH_COATED_OSMIUM;XIRECS;10010.0;6
107000;;;INTARIAN_PEPPER_ROOT;XIRECS;13114.0;6
109800;;;INTARIAN_PEPPER_ROOT;XIRECS;13117.0;3
109800;;;INTARIAN_PEPPER_ROOT;XIRECS;13113.0;3
110500;;;INTARIAN_PEPPER_ROOT;XIRECS;13114.0;4
111800;;;ASH_COATED_OSMIUM;XIRECS;9994.0;4
114900;;;ASH_COATED_OSMIUM;XIRECS;9992.0;1
116100;;;ASH_COATED_OSMIUM;XIRECS;9993.0;6
117500;;;INTARIAN_PEPPER_ROOT;XIRECS;13110.0;5
120100;;;INTARIAN_PEPPER_ROOT;XIRECS;13127.0;4
122000;;;ASH_COATED_OSMIUM;XIRECS;10008.0;10
122400;;;INTARIAN_PEPPER_ROOT;XIRECS;13133.0;6
122500;;;ASH_COATED_OSMIUM;XIRECS;10009.0;2
124700;;;ASH_COATED_OSMIUM;XIRECS;9991.0;1
126600;;;ASH_COATED_OSMIUM;XIRECS;9992.0;5
126700;;;ASH_COATED_OSMIUM;XIRECS;9992.0;5
127800;;;INTARIAN_PEPPER_ROOT;XIRECS;13117.0;2
128000;;;ASH_COATED_OSMIUM;XIRECS;10007.0;2
129500;;;INTARIAN_PEPPER_ROOT;XIRECS;13137.0;2
130500;;;ASH_COATED_OSMIUM;XIRECS;10007.0;2
131000;;;ASH_COATED_OSMIUM;XIRECS;10008.0;8
131100;;;INTARIAN_PEPPER_ROOT;XIRECS;13141.0;4
131600;;;ASH_COATED_OSMIUM;XIRECS;10011.0;2
132300;;;INTARIAN_PEPPER_ROOT;XIRECS;13125.0;3
137900;;;ASH_COATED_OSMIUM;XIRECS;10012.0;2
139400;;;ASH_COATED_OSMIUM;XIRECS;9997.0;4
139600;;;ASH_COATED_OSMIUM;XIRECS;9997.0;5
141900;;;INTARIAN_PEPPER_ROOT;XIRECS;13135.0;3
142200;;;ASH_COATED_OSMIUM;XIRECS;9997.0;2
142300;;;INTARIAN_PEPPER_ROOT;XIRECS;13146.0;6
146900;;;ASH_COATED_OSMIUM;XIRECS;10014.0;5
149500;;;ASH_COATED_OSMIUM;XIRECS;10015.0;7
153400;;;ASH_COATED_OSMIUM;XIRECS;9999.0;3
154800;;;ASH_COATED_OSMIUM;XIRECS;10000.0;2
155300;;;ASH_COATED_OSMIUM;XIRECS;10016.0;8
155500;;;ASH_COATED_OSMIUM;XIRECS;10016.0;6
155700;;;ASH_COATED_OSMIUM;XIRECS;10018.0;6
158400;;;ASH_COATED_OSMIUM;XIRECS;9996.0;4
164100;;;INTARIAN_PEPPER_ROOT;XIRECS;13168.0;2
164200;;;INTARIAN_PEPPER_ROOT;XIRECS;13160.0;5
165500;;;ASH_COATED_OSMIUM;XIRECS;10009.0;2
170300;;;INTARIAN_PEPPER_ROOT;XIRECS;13177.0;6
170500;;;INTARIAN_PEPPER_ROOT;XIRECS;13174.0;5
177900;;;INTARIAN_PEPPER_ROOT;XIRECS;13171.0;3
181800;;;ASH_COATED_OSMIUM;XIRECS;10002.0;2
182900;;;ASH_COATED_OSMIUM;XIRECS;10001.0;3
185000;;;ASH_COATED_OSMIUM;XIRECS;10001.0;3
187000;;;ASH_COATED_OSMIUM;XIRECS;10002.0;1
190600;;;ASH_COATED_OSMIUM;XIRECS;10018.0;3
191800;;;INTARIAN_PEPPER_ROOT;XIRECS;13185.0;4
192600;;;ASH_COATED_OSMIUM;XIRECS;9997.0;6
194900;;;INTARIAN_PEPPER_ROOT;XIRECS;13190.0;6
198600;;;INTARIAN_PEPPER_ROOT;XIRECS;13192.0;5
199400;;;INTARIAN_PEPPER_ROOT;XIRECS;13206.0;4
200300;;;ASH_COATED_OSMIUM;XIRECS;9992.0;6
200300;;;ASH_COATED_OSMIUM;XIRECS;9992.0;10
200600;;;ASH_COATED_OSMIUM;XIRECS;10011.0;1
200700;;;ASH_COATED_OSMIUM;XIRECS;10011.0;7
201900;;;ASH_COATED_OSMIUM;XIRECS;9992.0;3
204000;;;INTARIAN_PEPPER_ROOT;XIRECS;13211.0;5
204600;;;INTARIAN_PEPPER_ROOT;XIRECS;13197.0;5
205800;;;ASH_COATED_OSMIUM;XIRECS;9993.0;2
206600;;;ASH_COATED_OSMIUM;XIRECS;9991.0;7
207500;;;INTARIAN_PEPPER_ROOT;XIRECS;13215.0;3
208900;;;ASH_COATED_OSMIUM;XIRECS;9992.0;9
210200;;;ASH_COATED_OSMIUM;XIRECS;9993.0;3
211400;;;INTARIAN_PEPPER_ROOT;XIRECS;13207.0;6
212100;;;INTARIAN_PEPPER_ROOT;XIRECS;13216.0;3
212900;;;ASH_COATED_OSMIUM;XIRECS;9993.0;5
215000;;;INTARIAN_PEPPER_ROOT;XIRECS;13222.0;6
217000;;;INTARIAN_PEPPER_ROOT;XIRECS;13224.0;4
217500;;;INTARIAN_PEPPER_ROOT;XIRECS;13225.0;6
220800;;;INTARIAN_PEPPER_ROOT;XIRECS;13224.0;4
223100;;;ASH_COATED_OSMIUM;XIRECS;10010.0;2
224300;;;INTARIAN_PEPPER_ROOT;XIRECS;13231.0;2
224900;;;ASH_COATED_OSMIUM;XIRECS;10008.0;6
225000;;;ASH_COATED_OSMIUM;XIRECS;10008.0;5
226200;;;ASH_COATED_OSMIUM;XIRECS;9991.0;6
227800;;;ASH_COATED_OSMIUM;XIRECS;9990.0;5
229400;;;ASH_COATED_OSMIUM;XIRECS;10007.0;2
229800;;;ASH_COATED_OSMIUM;XIRECS;10007.0;3
234600;;;INTARIAN_PEPPER_ROOT;XIRECS;13242.0;3
235600;;;ASH_COATED_OSMIUM;XIRECS;9986.0;5
236700;;;ASH_COATED_OSMIUM;XIRECS;9988.0;1
236800;;;ASH_COATED_OSMIUM;XIRECS;9988.0;3
237200;;;ASH_COATED_OSMIUM;XIRECS;10004.0;4
237300;;;ASH_COATED_OSMIUM;XIRECS;9987.0;3
237500;;;INTARIAN_PEPPER_ROOT;XIRECS;13245.0;4
239700;;;INTARIAN_PEPPER_ROOT;XIRECS;13247.0;4
241700;;;ASH_COATED_OSMIUM;XIRECS;9988.0;6
242000;;;INTARIAN_PEPPER_ROOT;XIRECS;13249.0;7
243000;;;ASH_COATED_OSMIUM;XIRECS;10005.0;3
243400;;;ASH_COATED_OSMIUM;XIRECS;10008.0;5
243500;;;INTARIAN_PEPPER_ROOT;XIRECS;13247.0;3
243700;;;ASH_COATED_OSMIUM;XIRECS;10005.0;6
247800;;;ASH_COATED_OSMIUM;XIRECS;9987.0;5
248700;;;INTARIAN_PEPPER_ROOT;XIRECS;13242.0;4
251900;;;ASH_COATED_OSMIUM;XIRECS;9989.0;3
258300;;;ASH_COATED_OSMIUM;XIRECS;10008.0;7
260100;;;INTARIAN_PEPPER_ROOT;XIRECS;13267.0;3
260500;;;ASH_COATED_OSMIUM;XIRECS;10005.0;7
260800;;;ASH_COATED_OSMIUM;XIRECS;10005.0;1
261500;;;ASH_COATED_OSMIUM;XIRECS;9990.0;2
264100;;;INTARIAN_PEPPER_ROOT;XIRECS;13254.0;5
265000;;;ASH_COATED_OSMIUM;XIRECS;9993.0;6
265100;;;INTARIAN_PEPPER_ROOT;XIRECS;13261.0;5
267500;;;INTARIAN_PEPPER_ROOT;XIRECS;13257.0;2
269000;;;ASH_COATED_OSMIUM;XIRECS;10005.0;5
269600;;;ASH_COATED_OSMIUM;XIRECS;9989.0;2
270700;;;INTARIAN_PEPPER_ROOT;XIRECS;13278.0;5
272000;;;ASH_COATED_OSMIUM;XIRECS;10008.0;3
273000;;;ASH_COATED_OSMIUM;XIRECS;10005.0;4
274100;;;INTARIAN_PEPPER_ROOT;XIRECS;13270.0;3
275800;;;ASH_COATED_OSMIUM;XIRECS;10006.0;3
281100;;;ASH_COATED_OSMIUM;XIRECS;9990.0;2
282700;;;ASH_COATED_OSMIUM;XIRECS;10004.0;5
291600;;;ASH_COATED_OSMIUM;XIRECS;9988.0;3
294100;;;INTARIAN_PEPPER_ROOT;XIRECS;13301.0;3
295500;;;ASH_COATED_OSMIUM;XIRECS;10004.0;6
297000;;;ASH_COATED_OSMIUM;XIRECS;10003.0;9
297500;;;ASH_COATED_OSMIUM;XIRECS;10003.0;3
300000;;;INTARIAN_PEPPER_ROOT;XIRECS;13307.0;7
301400;;;INTARIAN_PEPPER_ROOT;XIRECS;13309.0;5
301600;;;ASH_COATED_OSMIUM;XIRECS;9990.0;5
306000;;;INTARIAN_PEPPER_ROOT;XIRECS;13309.0;4
306200;;;ASH_COATED_OSMIUM;XIRECS;9986.0;6
306500;;;ASH_COATED_OSMIUM;XIRECS;10008.0;4
307600;;;ASH_COATED_OSMIUM;XIRECS;9990.0;4
310000;;;ASH_COATED_OSMIUM;XIRECS;10009.0;6
311100;;;ASH_COATED_OSMIUM;XIRECS;10007.0;4
311700;;;INTARIAN_PEPPER_ROOT;XIRECS;13315.0;6
313300;;;ASH_COATED_OSMIUM;XIRECS;9992.0;2
314400;;;INTARIAN_PEPPER_ROOT;XIRECS;13322.0;5
321100;;;ASH_COATED_OSMIUM;XIRECS;10012.0;5
324800;;;ASH_COATED_OSMIUM;XIRECS;9993.0;2
327400;;;INTARIAN_PEPPER_ROOT;XIRECS;13320.0;5
327600;;;INTARIAN_PEPPER_ROOT;XIRECS;13338.0;2
329000;;;ASH_COATED_OSMIUM;XIRECS;9996.0;7
330000;;;ASH_COATED_OSMIUM;XIRECS;10012.0;4
330800;;;ASH_COATED_OSMIUM;XIRECS;9994.0;1
331500;;;INTARIAN_PEPPER_ROOT;XIRECS;13324.0;3
331800;;;ASH_COATED_OSMIUM;XIRECS;10011.0;8
332800;;;ASH_COATED_OSMIUM;XIRECS;10008.0;5
334600;;;INTARIAN_PEPPER_ROOT;XIRECS;13342.0;2
334900;;;INTARIAN_PEPPER_ROOT;XIRECS;13328.0;2
335500;;;INTARIAN_PEPPER_ROOT;XIRECS;13343.0;3
335800;;;ASH_COATED_OSMIUM;XIRECS;9993.0;4
336200;;;ASH_COATED_OSMIUM;XIRECS;9993.0;4
336400;;;ASH_COATED_OSMIUM;XIRECS;10010.0;6
337300;;;ASH_COATED_OSMIUM;XIRECS;9994.0;6
337600;;;INTARIAN_PEPPER_ROOT;XIRECS;13330.0;6
341400;;;ASH_COATED_OSMIUM;XIRECS;9996.0;2
342400;;;ASH_COATED_OSMIUM;XIRECS;9996.0;4
344000;;;INTARIAN_PEPPER_ROOT;XIRECS;13339.0;2
344400;;;ASH_COATED_OSMIUM;XIRECS;9995.0;3
346000;;;ASH_COATED_OSMIUM;XIRECS;9995.0;2
346400;;;ASH_COATED_OSMIUM;XIRECS;10001.0;4
349600;;;ASH_COATED_OSMIUM;XIRECS;10011.0;4
350600;;;ASH_COATED_OSMIUM;XIRECS;10010.0;3
351100;;;INTARIAN_PEPPER_ROOT;XIRECS;13358.0;3
352000;;;ASH_COATED_OSMIUM;XIRECS;10008.0;4
352100;;;INTARIAN_PEPPER_ROOT;XIRECS;13345.0;5
352700;;;INTARIAN_PEPPER_ROOT;XIRECS;13360.0;4
353000;;;ASH_COATED_OSMIUM;XIRECS;9992.0;2
354200;;;INTARIAN_PEPPER_ROOT;XIRECS;13361.0;4
356700;;;ASH_COATED_OSMIUM;XIRECS;10010.0;7
357700;;;ASH_COATED_OSMIUM;XIRECS;9994.0;2
358200;;;INTARIAN_PEPPER_ROOT;XIRECS;13351.0;3
358400;;;INTARIAN_PEPPER_ROOT;XIRECS;13362.0;5
358600;;;ASH_COATED_OSMIUM;XIRECS;10010.0;3
361400;;;ASH_COATED_OSMIUM;XIRECS;9995.0;5
361600;;;INTARIAN_PEPPER_ROOT;XIRECS;13357.0;3
363400;;;ASH_COATED_OSMIUM;XIRECS;10012.0;2
365400;;;INTARIAN_PEPPER_ROOT;XIRECS;13361.0;4
365500;;;ASH_COATED_OSMIUM;XIRECS;9998.0;3
371100;;;INTARIAN_PEPPER_ROOT;XIRECS;13378.0;4
372300;;;INTARIAN_PEPPER_ROOT;XIRECS;13368.0;5
375500;;;ASH_COATED_OSMIUM;XIRECS;9998.0;3
376700;;;INTARIAN_PEPPER_ROOT;XIRECS;13372.0;6
377600;;;ASH_COATED_OSMIUM;XIRECS;9993.0;4
380900;;;ASH_COATED_OSMIUM;XIRECS;9996.0;7
381000;;;INTARIAN_PEPPER_ROOT;XIRECS;13388.0;3
381200;;;ASH_COATED_OSMIUM;XIRECS;10015.0;1
383000;;;ASH_COATED_OSMIUM;XIRECS;10014.0;5
384200;;;ASH_COATED_OSMIUM;XIRECS;9996.0;3
389800;;;ASH_COATED_OSMIUM;XIRECS;10013.0;7
389900;;;ASH_COATED_OSMIUM;XIRECS;9995.0;6
390400;;;ASH_COATED_OSMIUM;XIRECS;9997.0;8
391300;;;ASH_COATED_OSMIUM;XIRECS;9997.0;3
401000;;;INTARIAN_PEPPER_ROOT;XIRECS;13396.0;6
401700;;;ASH_COATED_OSMIUM;XIRECS;10012.0;7
405400;;;ASH_COATED_OSMIUM;XIRECS;9995.0;1
412800;;;ASH_COATED_OSMIUM;XIRECS;9990.0;3
414200;;;ASH_COATED_OSMIUM;XIRECS;10008.0;5
416000;;;ASH_COATED_OSMIUM;XIRECS;9990.0;5
419200;;;INTARIAN_PEPPER_ROOT;XIRECS;13409.0;3
420500;;;INTARIAN_PEPPER_ROOT;XIRECS;13410.0;6
423500;;;INTARIAN_PEPPER_ROOT;XIRECS;13416.0;5
424900;;;ASH_COATED_OSMIUM;XIRECS;9992.0;3
425200;;;ASH_COATED_OSMIUM;XIRECS;10011.0;6
425800;;;ASH_COATED_OSMIUM;XIRECS;9996.0;7
427800;;;INTARIAN_PEPPER_ROOT;XIRECS;13421.0;6
430300;;;ASH_COATED_OSMIUM;XIRECS;10012.0;3
433000;;;ASH_COATED_OSMIUM;XIRECS;9996.0;5
433700;;;ASH_COATED_OSMIUM;XIRECS;9997.0;5
435600;;;ASH_COATED_OSMIUM;XIRECS;9993.0;3
436100;;;INTARIAN_PEPPER_ROOT;XIRECS;13440.0;4
439800;;;ASH_COATED_OSMIUM;XIRECS;10007.0;6
440500;;;ASH_COATED_OSMIUM;XIRECS;10008.0;3
441000;;;INTARIAN_PEPPER_ROOT;XIRECS;13434.0;1
441300;;;INTARIAN_PEPPER_ROOT;XIRECS;13437.0;2
442300;;;ASH_COATED_OSMIUM;XIRECS;10009.0;5
442700;;;ASH_COATED_OSMIUM;XIRECS;10009.0;6
444200;;;ASH_COATED_OSMIUM;XIRECS;10011.0;7
448000;;;INTARIAN_PEPPER_ROOT;XIRECS;13455.0;4
449100;;;ASH_COATED_OSMIUM;XIRECS;9996.0;8
451000;;;ASH_COATED_OSMIUM;XIRECS;9992.0;5
452300;;;ASH_COATED_OSMIUM;XIRECS;10007.0;6
453000;;;INTARIAN_PEPPER_ROOT;XIRECS;13457.0;3
453400;;;ASH_COATED_OSMIUM;XIRECS;9991.0;6
453700;;;ASH_COATED_OSMIUM;XIRECS;10000.0;2
453800;;;INTARIAN_PEPPER_ROOT;XIRECS;13449.0;6
456200;;;ASH_COATED_OSMIUM;XIRECS;10006.0;4
457500;;;INTARIAN_PEPPER_ROOT;XIRECS;13465.0;3
458600;;;ASH_COATED_OSMIUM;XIRECS;10006.0;4
458900;;;INTARIAN_PEPPER_ROOT;XIRECS;13466.0;6
459800;;;INTARIAN_PEPPER_ROOT;XIRECS;13453.0;6
462100;;;INTARIAN_PEPPER_ROOT;XIRECS;13469.0;5
464100;;;ASH_COATED_OSMIUM;XIRECS;10007.0;4
464500;;;INTARIAN_PEPPER_ROOT;XIRECS;13472.0;3
465700;;;ASH_COATED_OSMIUM;XIRECS;10011.0;5
466000;;;INTARIAN_PEPPER_ROOT;XIRECS;13461.0;3
467800;;;ASH_COATED_OSMIUM;XIRECS;10007.0;5
468100;;;ASH_COATED_OSMIUM;XIRECS;9991.0;6
469200;;;INTARIAN_PEPPER_ROOT;XIRECS;13462.0;5
471900;;;ASH_COATED_OSMIUM;XIRECS;10008.0;4
473000;;;INTARIAN_PEPPER_ROOT;XIRECS;13477.0;4
473800;;;INTARIAN_PEPPER_ROOT;XIRECS;13467.0;4
474000;;;INTARIAN_PEPPER_ROOT;XIRECS;13478.0;5
476600;;;ASH_COATED_OSMIUM;XIRECS;10006.0;5
477200;;;ASH_COATED_OSMIUM;XIRECS;9989.0;5
477800;;;INTARIAN_PEPPER_ROOT;XIRECS;13485.0;3
478700;;;ASH_COATED_OSMIUM;XIRECS;9987.0;3
478800;;;ASH_COATED_OSMIUM;XIRECS;9990.0;5
482800;;;ASH_COATED_OSMIUM;XIRECS;9985.0;3
482900;;;ASH_COATED_OSMIUM;XIRECS;9987.0;4
486200;;;INTARIAN_PEPPER_ROOT;XIRECS;13490.0;8
486700;;;INTARIAN_PEPPER_ROOT;XIRECS;13482.0;6
487400;;;ASH_COATED_OSMIUM;XIRECS;10001.0;2
487700;;;ASH_COATED_OSMIUM;XIRECS;9983.0;4
487900;;;ASH_COATED_OSMIUM;XIRECS;9985.0;5
489600;;;INTARIAN_PEPPER_ROOT;XIRECS;13482.0;2
489700;;;ASH_COATED_OSMIUM;XIRECS;10002.0;7
490500;;;INTARIAN_PEPPER_ROOT;XIRECS;13483.0;4
494000;;;INTARIAN_PEPPER_ROOT;XIRECS;13483.0;4
494500;;;ASH_COATED_OSMIUM;XIRECS;10003.0;3
496000;;;INTARIAN_PEPPER_ROOT;XIRECS;13489.0;2
498900;;;ASH_COATED_OSMIUM;XIRECS;9987.0;5
500200;;;ASH_COATED_OSMIUM;XIRECS;9987.0;4
501300;;;INTARIAN_PEPPER_ROOT;XIRECS;13505.0;5
502300;;;ASH_COATED_OSMIUM;XIRECS;9989.0;4
502900;;;ASH_COATED_OSMIUM;XIRECS;10005.0;2
503500;;;INTARIAN_PEPPER_ROOT;XIRECS;13496.0;6
508000;;;INTARIAN_PEPPER_ROOT;XIRECS;13501.0;2
511200;;;ASH_COATED_OSMIUM;XIRECS;9992.0;3
513000;;;INTARIAN_PEPPER_ROOT;XIRECS;13520.0;3
514500;;;ASH_COATED_OSMIUM;XIRECS;9994.0;4
517400;;;ASH_COATED_OSMIUM;XIRECS;10011.0;4
519400;;;INTARIAN_PEPPER_ROOT;XIRECS;13527.0;4
521800;;;INTARIAN_PEPPER_ROOT;XIRECS;13515.0;4
522000;;;ASH_COATED_OSMIUM;XIRECS;9996.0;4
522700;;;ASH_COATED_OSMIUM;XIRECS;10011.0;4
525900;;;ASH_COATED_OSMIUM;XIRECS;9993.0;3
531800;;;INTARIAN_PEPPER_ROOT;XIRECS;13525.0;4
532500;;;ASH_COATED_OSMIUM;XIRECS;9988.0;3
536300;;;ASH_COATED_OSMIUM;XIRECS;9985.0;5
537400;;;ASH_COATED_OSMIUM;XIRECS;10002.0;3
540100;;;INTARIAN_PEPPER_ROOT;XIRECS;13533.0;6
540300;;;ASH_COATED_OSMIUM;XIRECS;10003.0;1
545300;;;INTARIAN_PEPPER_ROOT;XIRECS;13553.0;6
547300;;;ASH_COATED_OSMIUM;XIRECS;9990.0;5
552900;;;ASH_COATED_OSMIUM;XIRECS;9988.0;8
556200;;;INTARIAN_PEPPER_ROOT;XIRECS;13549.0;2
556700;;;INTARIAN_PEPPER_ROOT;XIRECS;13552.0;6
556900;;;ASH_COATED_OSMIUM;XIRECS;9986.0;1
557000;;;INTARIAN_PEPPER_ROOT;XIRECS;13564.0;2
557700;;;ASH_COATED_OSMIUM;XIRECS;9989.0;6
560300;;;ASH_COATED_OSMIUM;XIRECS;10006.0;5
561300;;;INTARIAN_PEPPER_ROOT;XIRECS;13557.0;3
563900;;;ASH_COATED_OSMIUM;XIRECS;10007.0;1
564900;;;INTARIAN_PEPPER_ROOT;XIRECS;13560.0;5
566100;;;INTARIAN_PEPPER_ROOT;XIRECS;13562.0;3
566600;;;ASH_COATED_OSMIUM;XIRECS;10007.0;5
566900;;;INTARIAN_PEPPER_ROOT;XIRECS;13560.0;3
567300;;;ASH_COATED_OSMIUM;XIRECS;9989.0;6
570200;;;INTARIAN_PEPPER_ROOT;XIRECS;13577.0;5
573200;;;ASH_COATED_OSMIUM;XIRECS;10007.0;3
574100;;;ASH_COATED_OSMIUM;XIRECS;10008.0;5
574200;;;ASH_COATED_OSMIUM;XIRECS;9992.0;2
574500;;;ASH_COATED_OSMIUM;XIRECS;9993.0;2
576600;;;INTARIAN_PEPPER_ROOT;XIRECS;13584.0;5
579800;;;INTARIAN_PEPPER_ROOT;XIRECS;13587.0;6
580300;;;INTARIAN_PEPPER_ROOT;XIRECS;13573.0;7
581500;;;ASH_COATED_OSMIUM;XIRECS;10012.0;2
582300;;;INTARIAN_PEPPER_ROOT;XIRECS;13572.0;4
583900;;;ASH_COATED_OSMIUM;XIRECS;10007.0;7
584000;;;ASH_COATED_OSMIUM;XIRECS;10010.0;8
584400;;;INTARIAN_PEPPER_ROOT;XIRECS;13595.0;2
585300;;;INTARIAN_PEPPER_ROOT;XIRECS;13578.0;5
590300;;;ASH_COATED_OSMIUM;XIRECS;10002.0;2
590400;;;INTARIAN_PEPPER_ROOT;XIRECS;13601.0;2
592000;;;INTARIAN_PEPPER_ROOT;XIRECS;13596.0;4
593800;;;INTARIAN_PEPPER_ROOT;XIRECS;13601.0;2
600500;;;INTARIAN_PEPPER_ROOT;XIRECS;13593.0;6
600600;;;ASH_COATED_OSMIUM;XIRECS;9993.0;5
603100;;;ASH_COATED_OSMIUM;XIRECS;9992.0;3
605900;;;INTARIAN_PEPPER_ROOT;XIRECS;13599.0;3
607400;;;ASH_COATED_OSMIUM;XIRECS;9992.0;3
607800;;;ASH_COATED_OSMIUM;XIRECS;10010.0;5
610500;;;INTARIAN_PEPPER_ROOT;XIRECS;13603.0;5
611900;;;ASH_COATED_OSMIUM;XIRECS;9989.0;2
612000;;;ASH_COATED_OSMIUM;XIRECS;10002.0;2
612300;;;INTARIAN_PEPPER_ROOT;XIRECS;13608.0;8
615600;;;ASH_COATED_OSMIUM;XIRECS;10009.0;4
620700;;;ASH_COATED_OSMIUM;XIRECS;10009.0;8
622900;;;ASH_COATED_OSMIUM;XIRECS;10013.0;4
623400;;;INTARIAN_PEPPER_ROOT;XIRECS;13631.0;4
624500;;;ASH_COATED_OSMIUM;XIRECS;9994.0;4
628900;;;ASH_COATED_OSMIUM;XIRECS;10006.0;6
629200;;;INTARIAN_PEPPER_ROOT;XIRECS;13622.0;3
631100;;;INTARIAN_PEPPER_ROOT;XIRECS;13624.0;4
632300;;;ASH_COATED_OSMIUM;XIRECS;10005.0;4
636500;;;INTARIAN_PEPPER_ROOT;XIRECS;13629.0;5
639100;;;ASH_COATED_OSMIUM;XIRECS;10002.0;7
639300;;;INTARIAN_PEPPER_ROOT;XIRECS;13632.0;2
640000;;;INTARIAN_PEPPER_ROOT;XIRECS;13633.0;3
640200;;;INTARIAN_PEPPER_ROOT;XIRECS;13648.0;6
640600;;;ASH_COATED_OSMIUM;XIRECS;9991.0;2
641500;;;INTARIAN_PEPPER_ROOT;XIRECS;13645.0;4
642300;;;INTARIAN_PEPPER_ROOT;XIRECS;13650.0;4
643100;;;ASH_COATED_OSMIUM;XIRECS;10003.0;6
643100;;;INTARIAN_PEPPER_ROOT;XIRECS;13632.0;3
644500;;;ASH_COATED_OSMIUM;XIRECS;9999.0;4
645700;;;ASH_COATED_OSMIUM;XIRECS;9999.0;8
646000;;;INTARIAN_PEPPER_ROOT;XIRECS;13657.0;4
647700;;;ASH_COATED_OSMIUM;XIRECS;10001.0;5
650800;;;ASH_COATED_OSMIUM;XIRECS;9994.0;2
653900;;;ASH_COATED_OSMIUM;XIRECS;9990.0;6
654800;;;ASH_COATED_OSMIUM;XIRECS;9991.0;6
656600;;;INTARIAN_PEPPER_ROOT;XIRECS;13667.0;4
656900;;;ASH_COATED_OSMIUM;XIRECS;9990.0;10
658400;;;ASH_COATED_OSMIUM;XIRECS;10001.0;3
660600;;;INTARIAN_PEPPER_ROOT;XIRECS;13653.0;2
662600;;;INTARIAN_PEPPER_ROOT;XIRECS;13666.0;6
666800;;;ASH_COATED_OSMIUM;XIRECS;9991.0;3
667200;;;ASH_COATED_OSMIUM;XIRECS;9991.0;3
668400;;;ASH_COATED_OSMIUM;XIRECS;10005.0;1
668400;;;INTARIAN_PEPPER_ROOT;XIRECS;13676.0;4
670000;;;INTARIAN_PEPPER_ROOT;XIRECS;13677.0;6
673600;;;ASH_COATED_OSMIUM;XIRECS;9983.0;6
677200;;;ASH_COATED_OSMIUM;XIRECS;9981.0;2
677500;;;ASH_COATED_OSMIUM;XIRECS;9983.0;2
677700;;;INTARIAN_PEPPER_ROOT;XIRECS;13670.0;2
679600;;;ASH_COATED_OSMIUM;XIRECS;10001.0;3
681200;;;ASH_COATED_OSMIUM;XIRECS;10000.0;7
681900;;;ASH_COATED_OSMIUM;XIRECS;9991.0;3
681900;;;INTARIAN_PEPPER_ROOT;XIRECS;13689.0;6
683100;;;INTARIAN_PEPPER_ROOT;XIRECS;13690.0;3
685400;;;ASH_COATED_OSMIUM;XIRECS;10006.0;6
687500;;;INTARIAN_PEPPER_ROOT;XIRECS;13680.0;4
687700;;;INTARIAN_PEPPER_ROOT;XIRECS;13683.0;3
688200;;;INTARIAN_PEPPER_ROOT;XIRECS;13699.0;3
690100;;;INTARIAN_PEPPER_ROOT;XIRECS;13697.0;5
690400;;;INTARIAN_PEPPER_ROOT;XIRECS;13683.0;1
690500;;;INTARIAN_PEPPER_ROOT;XIRECS;13698.0;2
690700;;;ASH_COATED_OSMIUM;XIRECS;9986.0;5
691200;;;ASH_COATED_OSMIUM;XIRECS;9988.0;2
691800;;;INTARIAN_PEPPER_ROOT;XIRECS;13684.0;5
692200;;;INTARIAN_PEPPER_ROOT;XIRECS;13681.0;3
699900;;;ASH_COATED_OSMIUM;XIRECS;10010.0;3
700100;;;ASH_COATED_OSMIUM;XIRECS;10010.0;5
700700;;;ASH_COATED_OSMIUM;XIRECS;10013.0;4
700800;;;ASH_COATED_OSMIUM;XIRECS;9995.0;3
701000;;;INTARIAN_PEPPER_ROOT;XIRECS;13696.0;4
702100;;;INTARIAN_PEPPER_ROOT;XIRECS;13709.0;6
703000;;;INTARIAN_PEPPER_ROOT;XIRECS;13696.0;3
703500;;;ASH_COATED_OSMIUM;XIRECS;9997.0;4
708200;;;ASH_COATED_OSMIUM;XIRECS;9996.0;5
708800;;;INTARIAN_PEPPER_ROOT;XIRECS;13716.0;4
710200;;;ASH_COATED_OSMIUM;XIRECS;10013.0;6
712500;;;ASH_COATED_OSMIUM;XIRECS;10013.0;5
714900;;;ASH_COATED_OSMIUM;XIRECS;10003.0;5
717400;;;INTARIAN_PEPPER_ROOT;XIRECS;13725.0;4
720800;;;ASH_COATED_OSMIUM;XIRECS;10014.0;3
722300;;;INTARIAN_PEPPER_ROOT;XIRECS;13726.0;3
723500;;;ASH_COATED_OSMIUM;XIRECS;9995.0;6
724700;;;INTARIAN_PEPPER_ROOT;XIRECS;13732.0;4
727400;;;INTARIAN_PEPPER_ROOT;XIRECS;13735.0;5
727600;;;INTARIAN_PEPPER_ROOT;XIRECS;13735.0;2
729100;;;ASH_COATED_OSMIUM;XIRECS;10012.0;8
729700;;;ASH_COATED_OSMIUM;XIRECS;9996.0;4
730400;;;ASH_COATED_OSMIUM;XIRECS;10013.0;5
730900;;;ASH_COATED_OSMIUM;XIRECS;9993.0;3
731200;;;ASH_COATED_OSMIUM;XIRECS;10012.0;6
733700;;;INTARIAN_PEPPER_ROOT;XIRECS;13741.0;3
735200;;;ASH_COATED_OSMIUM;XIRECS;10015.0;5
737500;;;INTARIAN_PEPPER_ROOT;XIRECS;13741.0;3
739500;;;ASH_COATED_OSMIUM;XIRECS;9997.0;8
739600;;;ASH_COATED_OSMIUM;XIRECS;10013.0;4
742000;;;ASH_COATED_OSMIUM;XIRECS;10017.0;4
742000;;;INTARIAN_PEPPER_ROOT;XIRECS;13737.0;8
743900;;;ASH_COATED_OSMIUM;XIRECS;9998.0;3
745600;;;ASH_COATED_OSMIUM;XIRECS;9998.0;6
746100;;;ASH_COATED_OSMIUM;XIRECS;9998.0;4
746100;;;ASH_COATED_OSMIUM;XIRECS;10016.0;5
750600;;;ASH_COATED_OSMIUM;XIRECS;9999.0;5
752300;;;ASH_COATED_OSMIUM;XIRECS;10009.0;3
754400;;;ASH_COATED_OSMIUM;XIRECS;10009.0;3
755900;;;ASH_COATED_OSMIUM;XIRECS;10007.0;3
756600;;;ASH_COATED_OSMIUM;XIRECS;9992.0;4
756600;;;ASH_COATED_OSMIUM;XIRECS;9992.0;5
756900;;;ASH_COATED_OSMIUM;XIRECS;9991.0;4
757200;;;ASH_COATED_OSMIUM;XIRECS;9991.0;7
758700;;;ASH_COATED_OSMIUM;XIRECS;9991.0;6
763800;;;INTARIAN_PEPPER_ROOT;XIRECS;13771.0;4
763900;;;ASH_COATED_OSMIUM;XIRECS;9988.0;6
764100;;;ASH_COATED_OSMIUM;XIRECS;9988.0;3
764500;;;INTARIAN_PEPPER_ROOT;XIRECS;13757.0;4
766000;;;INTARIAN_PEPPER_ROOT;XIRECS;13770.0;3
770300;;;INTARIAN_PEPPER_ROOT;XIRECS;13763.0;2
775000;;;ASH_COATED_OSMIUM;XIRECS;9989.0;2
775500;;;INTARIAN_PEPPER_ROOT;XIRECS;13779.0;7
777200;;;INTARIAN_PEPPER_ROOT;XIRECS;13770.0;5
780300;;;ASH_COATED_OSMIUM;XIRECS;10000.0;1
781100;;;INTARIAN_PEPPER_ROOT;XIRECS;13785.0;7
782500;;;ASH_COATED_OSMIUM;XIRECS;9999.0;6
783500;;;INTARIAN_PEPPER_ROOT;XIRECS;13776.0;4
785300;;;INTARIAN_PEPPER_ROOT;XIRECS;13774.0;1
787000;;;INTARIAN_PEPPER_ROOT;XIRECS;13791.0;5
788000;;;ASH_COATED_OSMIUM;XIRECS;10002.0;3
789900;;;ASH_COATED_OSMIUM;XIRECS;9984.0;2
792100;;;ASH_COATED_OSMIUM;XIRECS;9985.0;4
793900;;;INTARIAN_PEPPER_ROOT;XIRECS;13801.0;3
796100;;;INTARIAN_PEPPER_ROOT;XIRECS;13800.0;4
796600;;;INTARIAN_PEPPER_ROOT;XIRECS;13800.0;7
802000;;;ASH_COATED_OSMIUM;XIRECS;9995.0;2
802400;;;ASH_COATED_OSMIUM;XIRECS;9992.0;2
803100;;;ASH_COATED_OSMIUM;XIRECS;10002.0;3
805400;;;ASH_COATED_OSMIUM;XIRECS;9995.0;3
806200;;;ASH_COATED_OSMIUM;XIRECS;9986.0;1
806300;;;INTARIAN_PEPPER_ROOT;XIRECS;13795.0;7
806400;;;INTARIAN_PEPPER_ROOT;XIRECS;13817.0;2
810900;;;ASH_COATED_OSMIUM;XIRECS;10009.0;2
811900;;;INTARIAN_PEPPER_ROOT;XIRECS;13804.0;5
813200;;;INTARIAN_PEPPER_ROOT;XIRECS;13806.0;1
815900;;;INTARIAN_PEPPER_ROOT;XIRECS;13820.0;3
825200;;;INTARIAN_PEPPER_ROOT;XIRECS;13829.0;3
825700;;;INTARIAN_PEPPER_ROOT;XIRECS;13829.0;5
829800;;;INTARIAN_PEPPER_ROOT;XIRECS;13833.0;6
833300;;;INTARIAN_PEPPER_ROOT;XIRECS;13822.0;3
835700;;;ASH_COATED_OSMIUM;XIRECS;10011.0;5
837300;;;INTARIAN_PEPPER_ROOT;XIRECS;13845.0;2
839500;;;INTARIAN_PEPPER_ROOT;XIRECS;13847.0;3
840900;;;INTARIAN_PEPPER_ROOT;XIRECS;13836.0;8
841500;;;ASH_COATED_OSMIUM;XIRECS;9993.0;5
843500;;;ASH_COATED_OSMIUM;XIRECS;9991.0;4
844300;;;INTARIAN_PEPPER_ROOT;XIRECS;13848.0;7
844800;;;INTARIAN_PEPPER_ROOT;XIRECS;13840.0;5
845400;;;INTARIAN_PEPPER_ROOT;XIRECS;13841.0;5
845800;;;ASH_COATED_OSMIUM;XIRECS;10007.0;2
846200;;;INTARIAN_PEPPER_ROOT;XIRECS;13839.0;3
846700;;;INTARIAN_PEPPER_ROOT;XIRECS;13854.0;3
847100;;;ASH_COATED_OSMIUM;XIRECS;10006.0;1
847200;;;INTARIAN_PEPPER_ROOT;XIRECS;13855.0;4
847500;;;ASH_COATED_OSMIUM;XIRECS;10007.0;6
847700;;;ASH_COATED_OSMIUM;XIRECS;10007.0;3
847800;;;ASH_COATED_OSMIUM;XIRECS;9990.0;5
848300;;;ASH_COATED_OSMIUM;XIRECS;9990.0;5
852500;;;ASH_COATED_OSMIUM;XIRECS;9994.0;3
852700;;;ASH_COATED_OSMIUM;XIRECS;9994.0;3
854300;;;INTARIAN_PEPPER_ROOT;XIRECS;13862.0;2
857700;;;INTARIAN_PEPPER_ROOT;XIRECS;13850.0;1
858500;;;INTARIAN_PEPPER_ROOT;XIRECS;13851.0;6
859900;;;ASH_COATED_OSMIUM;XIRECS;9990.0;4
861900;;;INTARIAN_PEPPER_ROOT;XIRECS;13854.0;5
862000;;;ASH_COATED_OSMIUM;XIRECS;10004.0;1
865000;;;ASH_COATED_OSMIUM;XIRECS;9990.0;4
868000;;;ASH_COATED_OSMIUM;XIRECS;9988.0;3
871100;;;ASH_COATED_OSMIUM;XIRECS;10005.0;4
871700;;;ASH_COATED_OSMIUM;XIRECS;9989.0;1
875400;;;ASH_COATED_OSMIUM;XIRECS;9990.0;5
875800;;;INTARIAN_PEPPER_ROOT;XIRECS;13868.0;3
877900;;;ASH_COATED_OSMIUM;XIRECS;9989.0;5
878000;;;INTARIAN_PEPPER_ROOT;XIRECS;13873.0;4
878400;;;ASH_COATED_OSMIUM;XIRECS;10004.0;3
881000;;;ASH_COATED_OSMIUM;XIRECS;9983.0;3
881200;;;INTARIAN_PEPPER_ROOT;XIRECS;13885.0;3
883700;;;INTARIAN_PEPPER_ROOT;XIRECS;13876.0;4
886000;;;INTARIAN_PEPPER_ROOT;XIRECS;13890.0;2
887000;;;INTARIAN_PEPPER_ROOT;XIRECS;13891.0;4
887700;;;ASH_COATED_OSMIUM;XIRECS;10004.0;5
887900;;;INTARIAN_PEPPER_ROOT;XIRECS;13880.0;2
891200;;;INTARIAN_PEPPER_ROOT;XIRECS;13899.0;6
892900;;;ASH_COATED_OSMIUM;XIRECS;10006.0;6
893400;;;ASH_COATED_OSMIUM;XIRECS;9990.0;4
898100;;;INTARIAN_PEPPER_ROOT;XIRECS;13893.0;6
899200;;;ASH_COATED_OSMIUM;XIRECS;10009.0;4
899500;;;INTARIAN_PEPPER_ROOT;XIRECS;13907.0;3
902100;;;ASH_COATED_OSMIUM;XIRECS;9992.0;3
904900;;;ASH_COATED_OSMIUM;XIRECS;10007.0;2
905000;;;ASH_COATED_OSMIUM;XIRECS;9988.0;9
905300;;;ASH_COATED_OSMIUM;XIRECS;9991.0;4
907600;;;INTARIAN_PEPPER_ROOT;XIRECS;13915.0;6
907700;;;INTARIAN_PEPPER_ROOT;XIRECS;13919.0;5
909600;;;ASH_COATED_OSMIUM;XIRECS;9991.0;3
909900;;;ASH_COATED_OSMIUM;XIRECS;10008.0;8
911400;;;ASH_COATED_OSMIUM;XIRECS;10008.0;1
912600;;;ASH_COATED_OSMIUM;XIRECS;10011.0;2
912600;;;INTARIAN_PEPPER_ROOT;XIRECS;13920.0;6
914900;;;INTARIAN_PEPPER_ROOT;XIRECS;13926.0;4
917900;;;ASH_COATED_OSMIUM;XIRECS;10010.0;4
918600;;;INTARIAN_PEPPER_ROOT;XIRECS;13926.0;5
919200;;;ASH_COATED_OSMIUM;XIRECS;9995.0;2
920900;;;ASH_COATED_OSMIUM;XIRECS;10011.0;1
921100;;;INTARIAN_PEPPER_ROOT;XIRECS;13929.0;3
921200;;;ASH_COATED_OSMIUM;XIRECS;10010.0;7
922700;;;INTARIAN_PEPPER_ROOT;XIRECS;13930.0;2
922800;;;INTARIAN_PEPPER_ROOT;XIRECS;13915.0;5
923700;;;ASH_COATED_OSMIUM;XIRECS;9995.0;2
927200;;;INTARIAN_PEPPER_ROOT;XIRECS;13931.0;3
929100;;;ASH_COATED_OSMIUM;XIRECS;9995.0;3
929700;;;ASH_COATED_OSMIUM;XIRECS;10012.0;1
931000;;;ASH_COATED_OSMIUM;XIRECS;10001.0;4
932600;;;ASH_COATED_OSMIUM;XIRECS;10014.0;9
933700;;;INTARIAN_PEPPER_ROOT;XIRECS;13941.0;2
934300;;;ASH_COATED_OSMIUM;XIRECS;10012.0;2
935900;;;ASH_COATED_OSMIUM;XIRECS;9995.0;5
936600;;;INTARIAN_PEPPER_ROOT;XIRECS;13932.0;7
939600;;;ASH_COATED_OSMIUM;XIRECS;10011.0;5
942700;;;INTARIAN_PEPPER_ROOT;XIRECS;13938.0;2
946100;;;ASH_COATED_OSMIUM;XIRECS;9995.0;7
947900;;;INTARIAN_PEPPER_ROOT;XIRECS;13943.0;5
948000;;;INTARIAN_PEPPER_ROOT;XIRECS;13941.0;5
948200;;;INTARIAN_PEPPER_ROOT;XIRECS;13956.0;4
956600;;;ASH_COATED_OSMIUM;XIRECS;9990.0;3
958100;;;INTARIAN_PEPPER_ROOT;XIRECS;13969.0;4
959100;;;INTARIAN_PEPPER_ROOT;XIRECS;13963.0;2
960400;;;ASH_COATED_OSMIUM;XIRECS;9989.0;2
964400;;;ASH_COATED_OSMIUM;XIRECS;10005.0;2
965000;;;INTARIAN_PEPPER_ROOT;XIRECS;13958.0;5
965600;;;INTARIAN_PEPPER_ROOT;XIRECS;13958.0;4
966200;;;INTARIAN_PEPPER_ROOT;XIRECS;13959.0;4
971300;;;ASH_COATED_OSMIUM;XIRECS;10000.0;4
973900;;;INTARIAN_PEPPER_ROOT;XIRECS;13981.0;2
974600;;;INTARIAN_PEPPER_ROOT;XIRECS;13964.0;4
975500;;;ASH_COATED_OSMIUM;XIRECS;9985.0;2
975900;;;ASH_COATED_OSMIUM;XIRECS;10001.0;3
976900;;;INTARIAN_PEPPER_ROOT;XIRECS;13984.0;3
977200;;;INTARIAN_PEPPER_ROOT;XIRECS;13973.0;4
978400;;;INTARIAN_PEPPER_ROOT;XIRECS;13986.0;4
978600;;;ASH_COATED_OSMIUM;XIRECS;9986.0;2
981200;;;ASH_COATED_OSMIUM;XIRECS;10001.0;4
981200;;;INTARIAN_PEPPER_ROOT;XIRECS;13977.0;1
983000;;;INTARIAN_PEPPER_ROOT;XIRECS;13976.0;4
984500;;;ASH_COATED_OSMIUM;XIRECS;9990.0;3
985700;;;ASH_COATED_OSMIUM;XIRECS;9995.0;3
986600;;;ASH_COATED_OSMIUM;XIRECS;10002.0;3
986800;;;ASH_COATED_OSMIUM;XIRECS;9987.0;6
987500;;;ASH_COATED_OSMIUM;XIRECS;10002.0;5
987600;;;INTARIAN_PEPPER_ROOT;XIRECS;13977.0;3
989900;;;INTARIAN_PEPPER_ROOT;XIRECS;13982.0;2
991100;;;INTARIAN_PEPPER_ROOT;XIRECS;13984.0;6
991400;;;ASH_COATED_OSMIUM;XIRECS;9983.0;9
993300;;;ASH_COATED_OSMIUM;XIRECS;9984.0;5
994400;;;INTARIAN_PEPPER_ROOT;XIRECS;13987.0;2
995100;;;INTARIAN_PEPPER_ROOT;XIRECS;13999.0;7
995600;;;ASH_COATED_OSMIUM;XIRECS;10001.0;5
997200;;;ASH_COATED_OSMIUM;XIRECS;9985.0;2
